3250 5500
1246 494 1287 559 91

141 686 220 754 993.
1019 693 1244 751 uos-uos.

101 876 166 944 Dus
186 876 272 960 Stift
292 878 590 963 Boonsportcnborp
618 879 813 962 serpitiolstot
835 880 911 960 sich,
940 881 999 945 dea
1021 879 1208 945 Johrssrins
1229 900 1290 945 oon

179 984 284 1049 dnm
306 982 510 1067 Weinporteo
531 1004 585 1049 om
606 983 755 1067 [dudem
776 1005 822 1049 oa
844 984 998 1069 Gitltoeip
1018 1004 1059 1049 au
1080 984 1201 1051 rohten

5 1199 7 1256 ς
197 1174 282 1242 orig„
300 1176 377 1243 Perg.
397 1176 457 1227 Von
475 1177 491 1225 2
509 1176 619 1245 Sisgeln
637 1192 673 1227 an
689 1177 894 1245 Pera-Strobos
913 1176 960 1229 das
979 1180 1002 1228 1.
1020 1176 1187 1245 abgel'allen3
1207 1174 1290 1243 Copia

5 1257 6 1316 l
99 1266 125 1313 u
140 1262 204 1314 cos.
224 1262 246 1313 c
265 1263 283 1314 f.
296 1265 338 1313 ss.

198 1385 261 1453 Vgl.
276 1386 373 1449 Fucbs,
392 1387 557 1455 Gottrreigsr
575 1387 730 1439 Urs-such
747 1389 762 1439 1
778 1389 808 1438 in
826 1388 904 1439 Font.
917 1390 941 1450 2,
959 1388 996 1438 Li
1014 1403 1053 1437 nr.
1066 1388 1107 1437 69.

195 1560 268 1625 Nos
290 1559 443 1625 Andreas
472 1562 683 1648 permissione
714 1561 824 1628 divina
847 1561 950 1627 abbas
973 1562 1156 1627 monasterii
1179 1570 1290 1625 sancte

98 1666 197 1731 llario
230 1667 364 1750 virginis
396 1668 427 1730 in
451 1666 761 1753 Pawngartenperig
790 1675 938 1754 totusque
970 1678 1147 1733 conventus
1169 1665 1290 1731 ibidem

5 1759 6 1762 ¹
98 1769 243 1835 omnibus
275 1780 307 1835 et
337 1770 472 1857 singulis
501 1771 705 1857 presentibus
737 1781 769 1835 et
799 1771 914 1837 futuris
938 1771 1141 1858 presentibus
1165 1770 1289 1857 profite-

96 1897 173 1959 mur,
207 1872 369 1961 quomodo
400 1885 525 1939 maturo
549 1884 581 1939 et
604 1874 645 1940 de
669 1874 752 1940 bono
776 1876 906 1941 consilio
930 1875 1139 1941 amicabiliter
1162 1896 1289 1939 concor-

5 2027 6 2032 η
97 1978 244 2044 (lavimus
276 1978 316 2044 de
347 1978 489 2066 quadam
520 1982 739 2045 convencione
770 1991 936 2046 contracta
966 1980 1190 2066 elonginquis
1213 1989 1290 2043 tem-

96 2083 227 2169 poribus
251 2083 292 2148 de
317 2083 451 2148 decimis
473 2086 550 2167 vini,
573 2107 654 2171 quas
677 2083 719 2149 de
742 2083 913 2151 duodecim
936 2084 1100 2170 iugeribus
1123 2087 1156 2148 in
1183 2093 1289 2148 monte

5 2185 6 2236 Ὗ
96 2187 299 2275 Lindperig¹
337 2189 422 2255 infra
458 2187 574 2254 limites
612 2190 781 2275 parrochie
817 2188 951 2255 Chreme
985 2187 1224 2253 venerabilibus
1258 2190 1290 2252 in

5 2283 7 2332 ss
97 2290 223 2358 Christo
254 2292 402 2380 patribus
431 2315 471 2357 ac
502 2292 649 2378 dominis,
680 2292 807 2359 domino
838 2293 948 2359 abbati
975 2298 1095 2381 totique
1120 2294 1292 2358 conventui

5 2421 7 2486 ς
95 2400 280 2461 monasterii
302 2396 514 2463 Obtwicensis
543 2400 577 2462 in
606 2398 688 2463 festo
711 2398 842 2464 Martini
872 2402 1027 2485 pensione
1057 2400 1151 2463 unius
1179 2396 1291 2463 talenti

94 2504 261 2567 annuatim
294 2500 421 2566 solvere
455 2501 655 2587 tenebamur,
690 2506 722 2568 in
757 2502 874 2589 quibus
905 2502 1035 2589 quidem
1068 2501 1201 2567 decimis
1231 2523 1291 2587 per

5 2671 7 2698 p
94 2606 188 2693 longa
221 2615 368 2692 tempora
399 2605 579 2672 distulimus
609 2608 795 2673 satisfacere
826 2607 1022 2694 negligentia
1053 2606 1207 2672 obliviose
1235 2604 1291 2670 tali

5 2719 7 2749 ³
94 2722 202 2777 nmen
234 2710 340 2796 modo,
371 2710 458 2798 quod
489 2714 595 2777 omnia
623 2734 683 2798 per
712 2734 771 2777 nos
801 2711 1139 2799 neglectahucusque
1163 2720 1292 2777 suntet

5 2814 7 2833 '
95 2839 162 2881 esse
195 2815 319 2880 debent
349 2816 531 2881 omnimode
562 2820 665 2903 sopita
688 2819 775 2882 etin
797 2817 942 2882 futurum
966 2817 1146 2902 predictam
1169 2818 1291 2902 pensio-

94 2944 165 2986 nem
188 2923 288 2985 unius
310 2919 422 2985 talenti
443 2924 477 2985 in
500 2921 646 3006 predicto
669 2921 751 2986 festo
774 2924 867 2987 aunis
891 2920 1024 3008 singulis
1046 2920 1139 2986 dictis
1155 2920 1291 2985 dominis

94 3023 222 3090 solvere
254 3023 434 3110 obligamur
464 3027 550 3090 omni
582 3024 738 3092 dilacione
769 3048 833 3091 non
865 3025 1022 3091 obstante.
1068 3025 1107 3092 In
1131 3027 1221 3090 ouius
1244 3027 1291 3089 rei

93 3131 311 3195 testimonium
345 3129 404 3194 has
438 3129 559 3195 litteras
594 3133 841 3216 conscripsimus
876 3142 909 3196 et
939 3130 1033 3216 sigilli
1061 3133 1228 3216 utriusque
1260 3139 1292 3193 ct

94 3244 275 3299 conventus
297 3236 330 3298 in
353 3237 508 3321 pensione
531 3257 589 3321 pro
613 3235 804 3301 certitudine
828 3239 1071 3300 communimus.

196 3429 235 3478 11.
253 3428 279 3478 S.
292 3427 318 3478 d.
330 3428 608 3494 Baumgartsnbergsr
625 3428 775 3479 Conrsmss
793 3429 960 3496 boschtldigt,
977 3428 1055 3490 rond,
1073 3432 1141 3493 grtln
1159 3426 1208 3477 auf
1222 3426 1292 3488 Son,

93 3515 119 3565 11
131 3516 162 3565 Β.
200 3515 272 3567 Abs.
288 3516 332 3566 bei
350 3515 510 3576 Rambelus,
529 3515 626 3579 Reol,
644 3516 710 3567 Tab.
725 3518 757 3565 to
775 3531 813 3566 nr.
831 3517 872 3566 ts.

135 3758 221 3826 994.
970 3764 1054 3822 1410
1070 3765 1181 3822 Jssnner
1197 3761 1248 3820 17.

94 3950 158 4017 Aoo
188 3949 286 4016 Peter
308 3950 356 4015 ΙΙ.
387 3971 449 4016 oon
479 3949 633 4034 Gottweip
663 3951 732 4016 oud
760 3951 816 4016 der
846 3950 985 4018 Ooaucnt
1014 3952 1173 4017 volumen
1202 3951 1292 4016 daco

94 4053 302 4140 Weinporteo
331 4057 367 4119 ia
398 4057 455 4120 der
475 4053 600 4120 Widem
628 4076 669 4120 au
697 4056 788 4120 Staio
816 4057 884 4122 oior
905 4056 1032 4122 Steiner
1053 4056 1204 4139 Btirpera
1233 4053 1299 4136 oof

468 4159 649 4227 helmaest
671 4181 712 4224 as
733 4159 927 4226 Drittelboo.

202 4351 262 4417 Ich
277 4331 410 4417 Vlreicb
433 4350 493 4416 der
508 4351 651 4436 Spiczer,
674 4350 728 4416 ich
744 4351 867 4438 Syman
882 4351 1102 4435 Wslthauser,
1125 4351 1176 4415 ioh
1193 4351 1292 4416 Paos

95 4457 236 4522 Pikohel
270 4455 337 4522 und
375 4455 428 4521 ich
468 4436 640 4520 Fridreicb
675 4455 872 4540 Vberreiter,
911 4455 953 4520 all
987 4458 1057 4521 vier
1090 4457 1221 4542 puriger
1251 4477 1292 4518 au

98 4557 199 4645 Stairi,
245 4560 422 4627 veriechsn
464 4540 634 4627 offenleicb
675 4563 733 4626 mit
770 4560 845 4626 dem
883 4540 951 4626 bril
985 4560 1049 4626 und
1087 4557 1144 4624 trin
1183 4557 1290 4624 chund

100 4783 163 4842 m.
204 4786 369 4854 ¹Isimberg‚
388 4787 456 4839 Iliad
474 4785 600 4839 nordostl.
614 4803 639 4838 v.
652 4787 802 4854 Becbberg,
820 4787 896 4840 G.·B.
909 4787 1012 4839 Kroms.
