3250 5500
204 670 286 737 Orig„
305 673 381 739 Perg.
417 674 506 741 Siegel
526 692 581 727 war
598 694 633 727 an
652 680 727 729 siner
744 679 850 731 Schnnr
867 682 1030 749 angebangt.

205 822 261 872 Auf
276 822 324 874 der
340 826 510 877 Ausseuseite
529 827 575 878 dor
593 828 681 894 Buges
700 830 734 881 ist
752 846 805 881 von
824 832 937 882 ander-er
955 834 1296 887 H.u.'1¹intevermerht:

99 906 280 971 Sipiamnrrdue
299 910 446 963 Solonem
465 913 516 965 XL
529 914 555 964 d.

205 1112 272 1176 Nos
296 1112 532 1198 Sigusmundus
557 1117 608 1181 dei
632 1126 663 1183 et
686 1120 858 1206 apostolice
882 1120 968 1186 sedis
991 1124 1101 1207 gracia
1124 1125 1294 1210 episcopus

100 1214 286 1285 Salouensis
310 1222 475 1306 cupientes
499 1231 530 1284 et
552 1224 732 1289 animarum
754 1225 850 1289 saluti
871 1226 1084 1312 invigilantes,
1108 1231 1184 1313 quia
1202 1231 1296 1293 iuxta

100 1322 217 1386 merita
240 1331 348 1387 nostra
375 1324 471 1389 nichil
503 1326 578 1392 boni
608 1330 641 1392 in
672 1341 847 1415 conspectu
877 1330 929 1395 dei
958 1334 1065 1416 agitur
1091 1356 1153 1396 nec
1182 1336 1295 1417 meriti,

99 1426 159 1491 sed
191 1428 230 1511 ei,
262 1431 314 1493 cui
345 1429 544 1515 confidimus,
576 1435 630 1518 qui
661 1457 724 1499 non
747 1446 856 1500 nostra
879 1436 938 1500 sed
960 1459 1019 1502 sua
1042 1436 1109 1502 solo
1131 1441 1242 1523 gracia
1264 1448 1298 1503 et

98 1532 321 1598 misericordia
350 1534 486 1620 supplet,
516 1538 705 1623 profitemur
734 1562 793 1625 per
822 1550 998 1625 presentes,
1030 1541 1117 1627 quod
1147 1541 1188 1606 de
1211 1565 1296 1607 anno

100 1634 222 1701 domini
256 1638 424 1705 millesimo
458 1640 773 1728 quadringentesimo
807 1644 1054 1730 quadragesimo
1089 1656 1181 1711 sexto
1214 1647 1296 1711 feria
1375 1660 1384 1685 ‘

99 1741 247 1807 secunda
276 1752 348 1829 post
371 1754 501 1810 octavas
523 1755 726 1832 pentecostes
752 1750 853 1833 (1445
875 1750 952 1814 Mai
972 1751 1030 1836 24)
1054 1751 1155 1815 altare
1178 1751 1296 1815 hocin

99 1844 236 1911 basilica
266 1848 401 1915 ecclesie
432 1853 535 1916 sancti
564 1852 717 1917 Iohannis
748 1853 887 1939 baptiste
914 1856 945 1918 in
969 1855 1296 1942 Hunczhaympach¹

100 1952 198 2017 situm
229 1954 262 2017 in
293 1953 414 2019 honore
445 1965 555 2021 sancte
586 1967 618 2023 et
644 1957 810 2023 individue
833 1961 981 2023 trinitatis
1005 1969 1037 2024 et
1059 1970 1169 2025 sancte
1192 1960 1296 2025 Mario

100 2067 134 2121 et
165 2059 307 2123 omnium
338 2070 522 2126 sanctorum
554 2072 586 2125 et
607 2062 788 2147 specialiter
809 2065 843 2127 in
866 2064 986 2128 honore
1009 2074 1192 2129 sanctorum
1216 2088 1296 2129 mar·

100 2165 197 2227 tirum
220 2163 373 2229 Iohannis
397 2173 429 2229 et
444 2165 536 2231 Pauli
559 2170 819 2232 consecravimus
842 2191 968 2233 necnon
994 2178 1026 2233 et
1049 2169 1227 2255 cappellam
1250 2192 1297 2234 re-

100 2267 355 2334 conciliavimus.
402 2268 481 2335 Ideo
521 2271 668 2337 omnibus
702 2294 779 2337 vere
817 2272 1035 2359 penitentibus
1073 2273 1227 2338 confessis
1265 2283 1297 2338 ct

99 2376 245 2439 contritis
280 2374 323 2438 ad
357 2374 493 2439 eandem
529 2376 709 2463 cappellam
744 2376 979 2443 confluentibus
1010 2388 1066 2442 aut
1094 2401 1208 2443 manus
1242 2378 1296 2443 ad-

98 2480 231 2543 iutrices
258 2480 496 2566 porrigentibus
527 2491 583 2546 aut
611 2480 674 2547 alia
701 2504 894 2568 quecunque
917 2482 959 2547 ad
984 2483 1104 2547 cultum
1128 2483 1181 2547 dci
1203 2486 1296 2569 perti-

99 2584 261 2668 nentibus,
296 2586 328 2649 in
362 2585 572 2671 infrascriptis
606 2586 832 2652 festivitatibus
864 2587 1074 2673 personaliter
1104 2610 1139 2652 se
1168 2610 1296 2674 presen-

98 2690 244 2756 tantibns
274 2692 448 2756 nativitatis
477 2690 629 2756 videlicet
659 2690 778 2756 domini
810 2693 1060 2758 circumcisionis
1083 2694 1296 2778 apparicionis

100 2799 351 2862 resurreccionis
381 2800 576 2863 ascensionis
606 2806 809 2884 pentecostes
839 2800 981 2884 corporis
1004 2797 1121 2864 Christi
1149 2798 1296 2863 omnibus

100 2901 331 2967 festivitatibus
361 2902 456 2967 beate
488 2904 622 2988 virginis
645 2911 677 2966 et
699 2905 841 2968 omnium
864 2904 1080 2989 apostolorum
1103 2911 1134 2967 et
1156 2904 1296 2967 omnium

100 3017 299 3092 sanctorum,
332 3030 468 3093 quorum
501 3006 634 3094 reliquie
668 3009 701 3072 in
736 3007 796 3071 hoo
831 3006 923 3072 altari
956 3007 1121 3073 recondite
1151 3016 1233 3092 sunt,
1265 3016 1297 3070 et

100 3113 252 3178 omnibus
281 3115 388 3178 terciis
418 3113 505 3176 feriis
537 3122 569 3176 et
598 3114 698 3177 sextis
729 3135 788 3198 per
818 3110 973 3176 circulum
1003 3114 1080 3177 anni
1103 3135 1177 3177 curn
1199 3113 1296 3176 missa

101 3227 134 3282 et
158 3217 252 3282 flexis
274 3217 410 3302 genibus
434 3219 575 3303 quinque
598 3225 691 3303 pater
713 3226 822 3281 noster
838 3215 1050 3303 adiungentes
1067 3216 1199 3280 totidem
1215 3216 1295 3280 salu·

98 3325 245 3388 taoiones
275 3321 438 3408 angelicas
469 3329 500 3385 et
530 3321 722 3408 symbolum,
753 3331 786 3386 ut
808 3320 890 3386 fides
914 3319 1096 3386 Christiana
1117 3319 1295 3405 roboretur,

99 3427 219 3492 devote
243 3425 383 3491 dixerint
406 3436 438 3491 et
461 3428 633 3510 oraverint,
658 3425 698 3490 de
723 3426 867 3513 quolibet
889 3425 1147 3513 supradictorum
1162 3447 1295 3512 operum

99 3531 317 3618 quadraginta
351 3531 420 3596 dies
453 3530 732 3616 indulgenciarum
764 3531 804 3595 de
838 3533 1063 3617 omnipotentis
1094 3530 1148 3595 dei
1176 3532 1296 3595 miscri-

101 3637 215 3702 cordia
245 3647 277 3702 et
304 3636 470 3701 beatorum
493 3636 709 3722 apostolorum
730 3637 819 3701 Petri
843 3646 875 3701 et
896 3636 989 3700 Pauli
1011 3638 1200 3700 auctoritate
1224 3658 1296 3700 con-

102 3744 154 3806 fisi
183 3741 432 3806 misericorditer
461 3743 494 3805 in
525 3740 652 3805 domino
683 3740 878 3824 relaxamus,
914 3740 1154 3806 dedicacionem
1188 3751 1295 3805 autem

101 3847 198 3912 huius
228 3847 337 3911 altaris
368 3849 535 3910 statuimus
566 3845 722 3910 celebrari
752 3847 784 3910 in
817 3844 976 3910 dominica
1006 3855 1117 3911 sancte
1146 3847 1295 3910 trinitatis

101 3955 266 4040 perpetuis
288 3951 485 4037 temporibus
508 3950 679 4016 duraturis.
718 3951 839 4015 Datum
861 3950 904 4014 ad
928 3950 1084 4016 Sanctum
1106 3950 1293 4015 Florianum

101 4059 264 4124 dominica
286 4058 449 4123 invocavit
471 4079 555 4122 anno
578 4065 614 4121 ut
637 4057 758 4142 snpra²
781 4066 890 4120 nostro
913 4056 974 4119 sub
997 4055 1109 4142 sigillo.

101 4337 186 4393 1826.
208 4339 218 4369 ¹
237 4338 415 4398 Hundsheim‚
432 4337 510 4390 0.-o.
523 4335 726 4399 Mauternbach,
746 4335 777 4385 V.
790 4335 823 4385 Ο.
836 4335 878 4385 W.
892 4335 934 4388 W.
966 4335 1090 4386 Desolbst
1107 4334 1214 4385 besteht
1227 4334 1295 4399 jetat

102 4429 171 4478 noch
190 4430 252 4478 eine
270 4426 446 4478 Filialhirche
463 4425 510 4476 der
528 4425 620 4475 Pfarre
638 4425 770 4474 Mautern.
807 4451 840 4460 —
876 4421 888 4453 ²
906 4424 964 4474 Wir
982 4429 1096 4487 mussan,
1120 4423 1155 4473 da
1172 4423 1219 4472 der
1236 4424 1295 4487 Tag

102 4515 150 4566 der
167 4513 370 4580 Beurkundung
388 4515 432 4564 bei
444 4512 587 4564 Annahms
604 4513 650 4562 des
667 4510 872 4578 gewtthnlichen
885 4510 1158 4576 Incamationsjahres
1176 4527 1224 4560 vor
1242 4509 1294 4559 don

103 4603 161 4670 Τις
183 4604 231 4653 der
249 4602 346 4652 Weiho
367 4601 438 4662 tiolo,
460 4599 517 4652 dies
539 4599 623 4651 durch
645 4599 697 4650 den
722 4598 977 4648 Annuntiationsetil
1000 4599 1132 4648 erklhren.
1168 4599 1217 4647 Boi
1241 4598 1294 4648 An-

102 4691 201 4741 nahme
218 4689 265 4740 des
283 4688 404 4739 calculus
421 4689 535 4738 Pisanus
553 4687 614 4737 thllt
632 4686 680 4736 der
698 4689 739 4736 24.
754 4687 809 4736 Mai
827 4685 868 4736 als
886 4687 933 4736 der
950 4687 1009 4752 Τις
1026 4685 1074 4735 der
1086 4684 1182 4735 Weihe
1200 4686 1228 4734 in
1247 4685 1293 4736 das

103 4777 347 4842 incarnationsjalrr
363 4777 436 4839 1⁴45,
455 4774 581 4825 withrend
599 4774 643 4824 die
657 4773 860 4838 Bourkundung
878 4775 926 4823 mit
944 4773 1003 4822 dem
1016 4773 1119 4823 urna
1137 4775 1166 4822 in
1187 4771 1233 4822 das
1251 4774 1294 4824 ln·
