3250 5500
351 475 415 540 304

348 666 552 751 intelligatur,
576 667 603 730 si
625 673 671 730 tot
693 663 842 749 graduati
857 686 915 730 seu
930 663 1106 750 qualificati
1121 664 1216 730 modo
1232 665 1386 750 premisso
1401 665 1536 750 poterint

348 774 486 837 inveniri
508 780 743 856 teneanturque
766 780 801 834 ut
824 772 1017 855 premittitur
1039 772 1102 855 ipsi
1123 769 1274 854 graduati
1305 779 1337 834 et
1367 767 1536 854 qualificati

350 898 409 940 sua
424 876 554 940 nomina
569 884 713 960 tempore
728 873 873 960 predicto
885 876 972 959 ipsis,
988 873 1031 938 ad
1043 895 1125 960 quos
1139 873 1363 939 benefitiorum
1379 872 1537 958 dispositio

350 989 483 1067 spectat,
511 1002 570 1044 seu
600 1001 711 1044 eorum
734 979 861 1042 vicariis
884 977 1040 1044 exhibere
1066 1000 1126 1065 per
1151 1000 1188 1043 se
1213 976 1266 1042 vel
1291 986 1536 1064 procuratorem,

351 1083 437 1170 quod
460 1087 486 1148 si
509 1106 572 1148 non
588 1082 733 1168 fecerint,
758 1082 884 1148 collatio
907 1105 966 1148 seu
987 1085 1182 1168 presentatio
1197 1082 1252 1148 vel
1274 1081 1437 1168 dispositio
1452 1081 1539 1146 aliter

351 1211 458 1275 quam,
481 1199 517 1253 ut
538 1190 741 1275 premittitur,
763 1187 852 1252 faeta
877 1210 940 1252 non
970 1197 1102 1274 propter
1131 1187 1193 1252 hoc
1221 1189 1312 1253 irrita
1340 1197 1538 1253 censeantur.

351 1295 385 1360 Si
409 1303 517 1358 autem
539 1292 592 1377 illi,
624 1291 668 1357 ad
698 1314 778 1379 quos
808 1291 1041 1358 beneficiorum
1071 1295 1185 1379 quevis
1215 1292 1378 1378 dispositio
1408 1301 1538 1378 spectat,

352 1408 463 1463 eontra
486 1395 743 1483 supradictarum
766 1396 1040 1483 qualificationum
1063 1397 1316 1483 designationem
1339 1406 1372 1461 et
1398 1397 1539 1462 ordinem

351 1501 480 1588 aliquod
502 1501 691 1568 benefitium
714 1501 907 1568 contulerint
928 1525 986 1568 seu
1007 1501 1052 1567 ad
1078 1503 1183 1588 ipsum
1206 1503 1463 1588 presentaverint
1490 1499 1540 1565 vel

351 1607 493 1694 quolibet
515 1606 610 1671 modo
626 1605 851 1692 disposuerint,
867 1609 907 1670 sit
921 1608 991 1692 ipso
1006 1605 1092 1672 sacto
1107 1608 1233 1672 irritum
1255 1615 1288 1670 et
1302 1608 1408 1686 inane,
1425 1604 1538 1670 veludl

351 1713 497 1798 superius
519 1713 711 1798 permissum
733 1720 783 1776 est
805 1720 838 1775 ot
851 1709 1078 1776 nichilominus
1099 1733 1158 1797 per
1173 1711 1310 1776 concilia
1324 1708 1540 1797 provincialia,

352 1839 425 1880 cum
455 1818 487 1881 in
517 1815 578 1880 hiis
610 1815 788 1880 defecerint
818 1825 875 1880 aut
907 1818 1005 1881 etiam
1034 1818 1179 1902 personis
1208 1837 1272 1881 non
1302 1816 1440 1902 ydoneis
1470 1836 1541 1901 quo-

350 1920 510 2006 quomodo
532 1919 742 2006 providerint,
765 1922 857 1985 iuxta
872 1929 1018 1985 tenorem
1033 1921 1271 1986 constitucionie
1286 1919 1458 2005 generalis,
1481 1942 1540 2006 que

351 2027 475 2110 incipit:
507 2047 608 2109 grave
639 2024 680 2089 de
710 2023 897 2109 prebendis,
929 2026 1131 2110 corrigantur
1161 2034 1194 2090 et
1222 2024 1330 2090 debite
1360 2027 1539 2112 puniantur.

352 2128 401 2193 Illi
423 2150 511 2211 vero,
534 2127 577 2192 ad
601 2151 680 2215 quos
702 2129 929 2194 benefitiorum
950 2128 1149 2215 regularium
1176 2139 1303 2215 spectat
1331 2129 1459 2195 collatio
1488 2151 1541 2194 seu

352 2233 515 2319 dispositio
545 2235 757 2319 pretermissis
790 2233 931 2319 indignis
964 2233 1081 2298 eadem
1113 2234 1270 2318 religiosis
1302 2233 1442 2321 ydoneis
1474 2257 1541 2300 con·

353 2336 458 2401 ferunt
481 2346 514 2400 et
536 2339 709 2422 assignent,
734 2337 821 2423 quod
836 2340 863 2402 si
878 2337 972 2403 aliter
985 2337 1130 2422 fecerint,
1153 2360 1338 2424 percorum
1364 2342 1542 2426 superiores

352 2451 384 2504 et
407 2439 546 2526 capitula
567 2441 776 2527 provincialia
799 2444 1001 2527 corrigantur
1023 2451 1057 2506 et
1078 2440 1188 2507 debite
1210 2444 1394 2528 puniantur.
1427 2444 1544 2509 Datum

351 2548 384 2609 in
400 2547 540 2610 sessione
557 2557 664 2612 nostra
679 2545 810 2632 publica
826 2548 859 2610 in
874 2548 988 2612 maiori
999 2545 1137 2612 ecelesia
1149 2546 1319 2612 Basiliensi
1330 2547 1546 2635 sollempniter

352 2649 515 2715 celebrate
538 2651 597 2716 IX.
615 2651 773 2717 kalendas
796 2650 951 2716 februarii
972 2674 1057 2716 anno
1079 2674 1100 2716 a
1122 2653 1290 2718 nativitate
1312 2651 1435 2718 domini
1450 2653 1542 2718 mille·

350 2758 429 2820 simo
453 2755 768 2842 quadringentesimo
791 2758 951 2822 tricesimo
974 2766 1098 2821 octavo.

395 3018 496 3085 rasa.
1166 3025 1248 3083 nae
1265 3026 1346 3083 nra
1364 3026 1391 3092 r.
1408 3028 1502 3084 stas

454 3210 611 3294 Karna,
634 3210 685 3275 die
715 3211 810 3275 Fruu
834 3212 979 3278 Oristam
1009 3212 1062 3276 des
1084 3210 1268 3295 Wissiaper,
1297 3214 1380 3278 mnas
1403 3214 1542 3296 Brirpers

351 3338 392 3381 su
414 3315 537 3399 Wicrm,
561 3314 727 3381 aaambtet
748 3317 805 3398 fiir
827 3316 893 3381 siclt
914 3316 983 3380 aad
1009 3317 1077 3381 ibre
1098 3316 1227 3382 Kiader
1248 3324 1346 3383 aster
1367 3317 1441 3383 E'lre
1465 3317 1543 3382 arceb

351 3421 421 3485 dem
443 3420 525 3485 Tude
547 3420 630 3485 ibres
657 3426 759 3486 ersten
786 3421 927 3485 Marones
948 3420 1055 3486 Meas
1084 3422 1138 3487 des
1159 3421 1386 3505 Newnburper,
1409 3420 1543 3487 vomas

351 3526 546 3608 Hofmet'ster
574 3527 620 3590 im
650 3525 909 3609 Gottwiiperbosc
937 3548 979 3591 ru
1007 3526 1115 3608 Staio,
1148 3529 1208 3592 mit
1237 3526 1381 3594 welcbem
1410 3530 1458 3594 aie
1488 3528 1543 3592 das

352 3628 518 3711 Stiftsumt
539 3651 580 3694 su
596 3630 692 3695 Statu
707 3630 878 3710 tenebatis,
901 3631 968 3713 auf
976 3630 1038 3696 alle
1053 3632 1283 3715 Forderuupcn
1305 3652 1350 3697 aa
1371 3633 1433 3697 das
1455 3632 1541 3714 sap.

455 3732 588 3816 Sthler:
620 3734 673 3820 (I.)
698 3734 826 3800 Cristan
849 3733 909 3799 der
930 3736 1121 3822 Wissingdr,
1146 3734 1219 3823 (ΙΙ.)
1242 3736 1303 3801 der
1329 3736 1427 3802 erber
1448 3737 1543 3801 Mertt

352 3836 596 3921 Tumelsuiner,
620 3837 881 3903 Stadtschreiber
902 3862 943 3904 zu
966 3838 1066 3906 Stain.

455 3941 595 4007 Datum:
626 3942 742 4008 Geben
773 3966 813 4007 zu
844 3943 933 4009 Stain
964 3943 1079 4031 (1438)
1109 3966 1152 4009 an
1180 3945 1297 4029 freitag
1326 3945 1411 4010 nach
1443 3943 1542 4010 sannd

352 4045 631 4133 Kunigundentag
654 4046 713 4112 dcr
734 4048 876 4135 heiligen
894 4049 1136 4136 junkohfrawn.

455 4222 538 4287 Orig,
556 4222 632 4288 Perg.
669 4223 796 4273 Deutsch.
833 4224 876 4274 An
895 4224 1099 4290 Perg.-Streitan
1116 4226 1132 4274 2
1151 4224 1250 4290 Siegel.

455 4343 571 4405 Quellen
590 4361 611 4393 s.
626 4344 721 4396 Gosch.
734 4342 838 4397 Wien's
858 4349 882 4409 l,
899 4347 936 4408 11,
953 4348 1004 4397 287
1023 4362 1063 4397 nr.
1076 4347 1143 4396 2181
1163 4362 1219 4412 reg.

455 4466 476 4515 1.
495 4464 564 4515 rund
576 4466 641 4532 (³0),
659 4471 728 4531 grtln
740 4468 790 4517 aul
799 4467 871 4531 Scb,
889 4468 929 4518 1v
938 4466 968 4517 O.
1004 4468 1050 4517 U.:
1070 4484 1109 4518 ·s.
1128 4468 1261 4520 kristanni
1275 4485 1282 4499 ·
1295 4470 1455 4534 wissinger·
1470 4469 1541 4518 1437.

352 4552 479 4613 Getbsilt,
498 4554 568 4604 oben
586 4555 602 4602 2
620 4554 862 4621 sclrriggelsreuste
878 4556 986 4605 Messer.
1021 4556 1078 4605 Der
1096 4556 1248 4607 Stechbelm
1267 4573 1301 4607 en
1319 4556 1405 4623 profil.
1433 4555 1543 4606 Cimier:

352 4760 433 4817 1231.
455 4764 549 4815 τιΟοά.
