3250 5500
1214 468 1280 535 429

89 667 180 745 parte
211 654 355 723 Oswaldi
388 656 430 723 de
459 658 644 745 Meynberg
676 656 869 746 presbyteri,
904 662 1037 726 rectoris
1069 660 1279 747 parrochialis

90 762 226 828 ecclesie
264 763 296 827 in
333 761 604 849 Antiquocastro¹
645 772 753 829 vestre
791 762 938 848 diocesis,
976 763 1279 851 supplicacionibus,

90 876 245 952 quantum
269 889 342 932 oum
366 865 426 933 deo
448 889 629 955 possumus,
652 866 873 941 favorabiliter
893 878 1073 935 annuentes
1092 871 1280 935 auctoritate

90 970 210 1035 domini
240 993 336 1058 pape,
370 973 461 1037 ouius
490 974 640 1058 primarie
672 994 783 1041 curam
816 974 969 1058 gerimus,
1003 975 1281 1060 circumspectioni

89 1084 197 1140 vestre
221 1077 455 1153 committimus,
481 1086 639 1163 quatenus
661 1078 760 1163 ipsius
782 1077 964 1165 presbyteri
988 1077 1187 1144 confessione
1211 1076 1281 1143 dili·

88 1190 203 1265 genter
225 1179 345 1264 audita,
369 1182 395 1245 si
418 1182 604 1247 inveneritis
628 1204 704 1247 eum
726 1204 818 1249 arma
839 1181 1008 1269 portando,
1032 1182 1075 1247 ad
1098 1183 1226 1248 taxillos
1249 1192 1282 1248 et

89 1285 169 1350 alios
191 1284 284 1351 ludos
306 1284 430 1351 illicitos
452 1284 603 1371 ludendo,
627 1286 841 1355 concubinam
855 1287 1006 1371 tenendo,
1029 1286 1180 1353 tabernas
1196 1296 1282 1353 ortos

89 1392 202 1455 vineas
224 1399 317 1477 prata
339 1389 436 1456 blada
459 1399 493 1456 et
513 1390 576 1456 alia
595 1391 666 1457 loca
680 1394 780 1458 vetita
796 1402 829 1459 et
842 1391 1010 1457 inhonesta
1025 1391 1185 1477 intrando,
1208 1415 1282 1458 cum

90 1496 430 1561 excommunicationis
452 1518 516 1562 non
538 1506 647 1562 umen
669 1499 703 1561 iu
726 1498 859 1563 crimine
881 1496 1104 1584 participando
1126 1518 1166 1563 ac
1189 1498 1234 1562 eis
1251 1506 1283 1562 ct

89 1598 268 1665 interdictis
299 1600 504 1687 presentibus
538 1600 648 1667 divina
684 1602 791 1667 officia
829 1600 1025 1667 celebrando
1063 1602 1214 1667 collectas
1251 1612 1283 1667 et

88 1704 194 1769 tallias
225 1703 366 1770 decimas
397 1716 429 1770 ct
457 1705 535 1771 alias
558 1708 781 1792 imposiciones
812 1717 845 1772 et
867 1706 977 1772 debita
999 1730 1123 1773 necnon
1148 1706 1281 1772 doctori-

90 1808 153 1873 bus
183 1811 344 1893 magistris
374 1807 510 1875 bedellis
540 1819 573 1875 et
601 1809 763 1876 barcariis
793 1810 920 1896 salaria,
955 1812 1071 1898 quibus
1101 1810 1282 1895 tenebatur,

89 1914 216 1979 statutis
238 1915 383 1979 terminis
405 1936 470 1980 non
493 1912 657 1999 solvendo,
687 1916 934 1981 constituciones
955 1918 1088 2002 insuper
1110 1924 1229 1981 statuta
1251 1924 1283 1980 et

89 2018 246 2084 mandata
267 2017 330 2084 alia
351 2017 516 2103 generalia
537 2029 603 2084 tam
626 2019 834 2105 provincialia
855 2043 953 2106 quam
976 2019 1144 2107 synodalia
1166 2019 1284 2106 legato·

90 2146 164 2189 rum
194 2122 415 2209 delegatorum
438 2122 743 2209 subdelegatoruml
766 2135 975 2191 executorum
998 2124 1284 2191 subexeoutorum-

91 2250 155 2315 que
178 2227 265 2293 sedis
287 2228 461 2316 apostolice
484 2227 637 2293 iudicium
660 2228 894 2295 ordinariorum
916 2228 1101 2295 officialium
1123 2238 1284 2295 rectorum

92 2332 265 2398 scolarium
289 2342 321 2398 et
342 2331 476 2398 aliorum
499 2334 699 2419 superiorum
722 2356 853 2399 suorum
873 2331 1142 2421 transgrediendo
1157 2354 1284 2398 excom·

91 2439 323 2504 munioacionis
353 2439 570 2525 suspensionis
600 2450 633 2503 et
661 2437 823 2504 interdicti
852 2440 1025 2505 incurrisse
1047 2440 1229 2505 sentencias
1251 2439 1284 2502 in

92 2542 175 2609 tales
198 2542 392 2628 generaliter
407 2541 634 2629 promulgatas,
657 2545 799 2629 periuria
814 2554 847 2609 et
860 2553 997 2630 peccata
1011 2543 1073 2609 alia
1089 2545 1285 2609 commisisse

90 2647 253 2735 horasque
284 2650 456 2713 canonicas
487 2646 595 2712 dicere
626 2646 803 2734 obmisisse,
833 2658 1003 2736 postquam
1032 2649 1060 2713 si
1087 2648 1203 2735 quibus
1225 2671 1286 2734 per

90 2753 241 2843 predicta
263 2755 404 2840 periuria
426 2753 479 2818 vel
501 2751 580 2818 alias
603 2775 645 2818 ex
660 2755 824 2841 premissis
839 2753 882 2819 ad
897 2753 1133 2820 satisfaccionem
1148 2762 1285 2838 tenetur,

91 2859 285 2925 satisfecerit
314 2867 543 2944 competenter,
573 2859 679 2944 ipsum
705 2858 933 2946 presbyterum
956 2882 977 2924 a
999 2857 1092 2924 dictis
1114 2858 1286 2924 sentenciis

90 2965 306 3052 periuriorum
328 2961 471 3028 reatibus
494 2962 644 3028 horarum
665 2963 884 3050 predictarum
904 2964 1074 3029 omissione
1089 2985 1129 3029 ac
1144 2964 1287 3049 peccatis

91 3073 158 3134 euris
181 3068 263 3150 aliis,
286 3070 346 3132 nisi
369 3067 446 3132 talia
469 3068 540 3152 sint,
563 3077 779 3156 propterque
802 3070 916 3134 merito
938 3070 979 3135 sit
1002 3066 1096 3133 sedes
1112 3067 1287 3153 apostolica

94 3171 305 3256 consulenda,
335 3170 511 3237 absolvatis
541 3169 604 3236 hac
633 3174 706 3239 vioe
738 3175 772 3238 in
794 3173 897 3239 forma
920 3173 1056 3239 ecclesie
1079 3181 1233 3238 consueta
1256 3180 1288 3236 et

91 3281 239 3344 iniuncta
267 3277 343 3342 inde
374 3278 435 3342 sibi
463 3298 523 3364 pro
545 3274 642 3342 modo
665 3276 759 3364 culpe
781 3279 960 3365 penitentia
982 3275 1114 3343 salutari
1137 3275 1287 3363 qnodque

92 3386 119 3448 si
149 3383 240 3448 licita
268 3382 387 3448 fuerint
416 3384 605 3472 iuramenta,
636 3383 679 3450 ad
707 3405 819 3448 eorum
841 3393 875 3448 et
896 3381 1047 3448 horarum
1070 3380 1288 3468 predictarum

93 3487 342 3553 observanciam
371 3487 493 3573 redeat,
525 3499 562 3556 ut
590 3497 726 3574 tenetur,
758 3508 862 3575 eoque
891 3485 934 3552 ad
956 3496 1094 3574 tempus,
1117 3495 1212 3572 prout
1234 3509 1288 3552 ex·

93 3591 207 3679 pedire
231 3591 386 3677 videritis,
409 3615 429 3657 a
451 3615 581 3660 suorum
602 3592 751 3660 ordinum
771 3592 970 3658 exconcione
986 3613 1142 3678 suspenso
1158 3590 1289 3656 demum

94 3697 269 3762 sufficienti
296 3695 337 3763 ob
361 3719 399 3763 eo
422 3701 577 3765 caucioue
600 3706 742 3785 recepta,
771 3695 859 3784 quod
881 3694 1094 3762 concubinam
1117 3695 1159 3761 de
1182 3705 1289 3761 cetero

94 3823 159 3866 non
181 3799 315 3886 tenebit,
338 3824 413 3867 cum
434 3803 542 3868 future
563 3804 631 3868 vite
653 3803 803 3868 moritum
825 3799 955 3888 culpam
976 3803 1128 3887 preterito
1151 3799 1290 3868 redimat

95 3904 351 3991 suffragantibus
382 3906 443 3972 sibi
464 3909 586 3973 meritis
608 3906 736 3994 alioque
758 3908 913 3972 canonico
935 3928 1001 3971 non
1023 3905 1172 3971 obstante
1192 3928 1291 3992 super

95 4008 343 4096 irregularitate,
375 4033 475 4098 quam
504 4013 544 4077 sit
565 4011 648 4077 forte
670 4011 797 4097 ligatus,
820 4032 880 4097 per
902 4009 1137 4096 simplicitatem
1159 4019 1192 4075 et
1213 4012 1290 4074 iuris

96 4116 320 4198 ignoranoiatn
349 4117 383 4181 in
414 4117 479 4181 suis
501 4139 565 4181 non
587 4125 695 4181 tamen
717 4117 752 4179 in
774 4123 992 4200 contemptum
1014 4113 1154 4179 clarium
1176 4113 1291 4178 ordini·

100 4219 162 4285 bus
184 4220 395 4286 ministrando
418 4220 472 4287 vel
494 4221 563 4286 aliia
586 4242 622 4286 se
640 4220 754 4285 officiis
772 4219 972 4286 inmiscendo
988 4217 1105 4284 divinis
1120 4220 1290 4303 contraxit,

98 4447 182 4504 1366.
204 4452 218 4484 ¹²
235 4449 397 4502 'l'heilweise
414 4449 464 4502 aul
479 4449 574 4502 haur.

203 4589 518 4656 ¹Deutaclr-Altenburg
541 4588 607 4640 wird
630 4588 713 4640 achon
736 4589 764 4639 iu
788 4588 836 4639 der
857 4587 986 4639 Matrilrel
1008 4603 1034 4638 v.
1056 4587 1122 4638 1429
1139 4587 1180 4637 als
1197 4585 1292 4637 Ptarre

99 4680 267 4747 anfgsitthrtr
294 4678 444 4744 altenburg
467 4675 553 4746 (XVI)
576 4676 708 4744 plebanus
730 4678 758 4726 in
782 4676 924 4742 Hainburg
952 4673 1126 4742 (Schmioder,
1148 4672 1293 4724 Matricula

101 4767 218 4830 Parsav,
236 4763 313 4834 Β.1).
