3250 5500
352 488 417 555 454

352 681 445 745 unius
477 678 562 745 effici
588 677 761 743 voluntatis
788 685 821 743 et
847 676 891 743 ad
918 676 1039 743 cultum
1062 677 1207 743 divinum
1229 699 1272 741 ex
1296 676 1404 742 cordis
1424 677 1537 742 affectu

352 808 412 872 per
441 807 539 871 opera
569 784 621 870 pie
652 784 838 850 devocionis
860 782 980 849 Christi
1009 782 1123 847 fideles
1153 782 1282 847 allicere
1313 785 1477 867 cupientes
1499 782 1537 847 de

354 912 513 955 consensu
555 900 587 954 et
628 888 792 953 voluntate
832 887 1027 973 specialique
1064 897 1097 953 et
1133 888 1288 973 singulari
1324 889 1539 953 commissione

353 993 546 1059 venerabilis
577 993 706 1080 capituli
737 992 874 1057 ecclesie
904 993 1104 1058 Pataviensis
1133 994 1244 1077 gracia
1277 994 1381 1057 sancti
1414 995 1537 1079 spiritus

353 1098 445 1163 nobis
480 1096 662 1183 specialiter
695 1097 894 1182 suffragante
928 1119 968 1161 ea
997 1097 1169 1182 diligencia
1199 1106 1232 1161 et
1261 1096 1447 1182 devocione,
1481 1119 1541 1183 qua
1620 1141 1621 1156 i

354 1205 523 1290 potuimus,
548 1202 589 1267 de
612 1224 695 1267 novo
720 1203 981 1267 consecravimus
1003 1204 1036 1266 in
1059 1201 1197 1267 ecclesia
1211 1212 1322 1267 sancte
1337 1201 1541 1288 Margarethe

354 1310 386 1373 in
410 1309 572 1394 Superiori
597 1307 733 1371 Rdnna¹
757 1305 859 1371 altare
881 1308 914 1371 in
937 1306 1057 1371 honore
1080 1310 1184 1371 sancti
1206 1306 1447 1371 Bartholemie·
1473 1329 1542 1393 apo·

354 1413 425 1477 stoli
456 1423 488 1477 st
517 1422 628 1477 sancte
651 1410 816 1477 Dorothee
846 1412 980 1497 virginis
1011 1434 1123 1475 versus
1154 1410 1336 1496 aquilonem
1366 1413 1469 1476 tercia
1495 1412 1543 1475 die
1620 1443 1621 1490 ς

353 1520 472 1582 mensis
495 1518 573 1581 iunii
596 1526 628 1581 et
651 1515 817 1599 [eadem]¹'
840 1515 893 1581 die
915 1515 1193 1580 reconciliavimus
1210 1517 1400 1580 cimiterium
1416 1516 1543 1599 ibidem,
1620 1495 1621 1514 l

354 1622 590 1688 dedicationem
614 1621 758 1686 eiusdem
781 1619 917 1686 ecclesie
941 1631 973 1685 et
994 1621 1142 1686 altarium
1165 1622 1419 1706 transposuimus
1443 1623 1475 1685 in
1495 1621 1544 1685 do·
1620 1613 1621 1616 ¹

355 1730 505 1792 minicsm
527 1728 661 1791 terciam
684 1736 756 1812 post
777 1724 911 1812 pascha,
935 1748 999 1811 qua
1022 1728 1055 1789 in
1078 1723 1216 1790 ecclesia
1237 1724 1290 1788 dei
1305 1727 1449 1791 canitur:
1471 1725 1545 1790 iubi-

354 1831 417 1895 late
449 1830 520 1915 deo,
550 1856 570 1897 a
601 1832 725 1896 eunctis
750 1830 868 1897 Christi
890 1828 1042 1894 fidelibus
1065 1840 1220 1916 perpetuo
1242 1832 1401 1895 venerari.
1449 1831 1546 1917 Igitur

355 1936 502 2001 omnibus
531 1959 610 2001 vere
640 1934 858 2021 penitentibus
889 1936 1032 1999 contritis
1062 1942 1093 1999 et
1124 1934 1288 2016 confessis,
1320 1936 1374 2020 qui
1402 1934 1447 1999 ad
1481 1957 1545 2021 pre

355 2040 475 2106 dictam
498 2041 666 2106 ecclesiam
690 2049 721 2104 et
744 2038 866 2104 altare⁰
895 2040 1105 2104 convenerint
1127 2040 1322 2125 missamque
1344 2038 1390 2104 ibi
1413 2038 1547 2123 legerint

354 2145 408 2210 vel
438 2146 598 2211 audierint
629 2148 697 2209 sive
721 2166 836 2209 manus
859 2142 1033 2209 adiutrices
1054 2145 1259 2229 porrexerint
1281 2165 1354 2208 cum
1378 2167 1457 2210 cera
1479 2168 1546 2209 can-

356 2249 436 2316 delis
458 2250 547 2316 libris
567 2249 748 2336 quibusque
764 2248 834 2314 aliis
849 2247 947 2313 rebus
962 2248 1004 2313 ad
1020 2247 1141 2313 cultum
1157 2248 1302 2313 divinum
1318 2250 1546 2335 spectantibus,

355 2358 381 2420 si
412 2377 476 2441 qua
504 2355 620 2421 devote
651 2354 834 2439 obtulerint,
864 2356 897 2418 in
919 2351 1066 2418 omnibus
1089 2352 1314 2418 festivitatibus
1337 2354 1548 2441 infrascriptis

355 2463 529 2525 nativitatis
553 2461 803 2525 circumcisionis
828 2458 998 2545 epiphanie
1018 2459 1262 2523 resurrectionis
1283 2461 1484 2524 ascensionis
1498 2458 1548 2523 do

356 2566 433 2630 mini
455 2567 554 2629 nostri
569 2564 667 2629 Ihesu
683 2564 777 2631 Oristi
800 2566 833 2629 in
856 2564 937 2629 festo
960 2562 1216 2649 penthecosten·
1238 2564 1387 2628 trinitatis
1408 2566 1548 2650 corporis

355 2667 475 2734 domini
503 2671 601 2734 nostri
625 2668 698 2733 Iesu
722 2667 820 2734 Oristi
849 2677 882 2732 et
903 2690 963 2755 per
986 2677 1117 2732 octavas
1140 2666 1286 2733 eiusdem
1310 2667 1464 2733 dominici
1487 2690 1548 2733 cor·

356 2777 441 2860 poris
471 2784 567 2860 atque
598 2775 630 2838 in
661 2773 808 2839 omnibus
836 2772 1063 2838 festivitatibus
1086 2774 1286 2838 sanctissime
1310 2772 1362 2838 dei
1384 2776 1549 2859 genitricis

355 2879 488 2962 virginis
518 2881 627 2943 matris
651 2877 755 2942 Marie
786 2887 819 2943 et
848 2900 906 2963 per
936 2888 1069 2943 octavas
1098 2879 1331 2964 assumpcionis
1353 2879 1548 2944 visitacionis

355 2983 458 3047 Marie
489 2981 531 3046 ad
562 2982 731 3048 Elisabeth
764 2992 796 3047 et
826 2985 911 3048 omni
941 2982 994 3047 die
1025 2982 1196 3066 dominico,
1227 2985 1329 3048 saneti
1359 2982 1549 3049 Michahehs

356 3085 544 3172 archangeli
575 3089 717 3151 omnium
748 3097 932 3152 sanctorum
961 3089 1063 3151 sancti
1086 3087 1238 3152 Iohannis
1265 3086 1404 3172 baptiste
1430 3097 1549 3152 sancto

356 3213 427 3255 rum
443 3191 531 3255 Petri
554 3201 585 3256 et
600 3191 693 3256 Pauli
715 3190 929 3277 apostolorum
947 3202 979 3256 et
993 3193 1136 3256 omnium
1151 3191 1374 3277 apostolorum,
1391 3191 1549 3277 Stephani

356 3295 609 3381 prothomartiris
632 3297 806 3361 Laurencii
829 3299 967 3362 martiris
989 3297 1141 3362 leronimi
1163 3299 1334 3385 prespiteri
1356 3307 1389 3362 et
1413 3296 1549 3362 doctoris

357 3401 460 3464 Marie
494 3400 690 3487 Magdalene
713 3399 892 3466 Katherine
915 3400 1061 3466 Barbare
1083 3400 1258 3484 Dorothee,
1288 3402 1321 3465 in
1351 3399 1436 3466 festo
1467 3399 1550 3465 dedi·

358 3507 497 3569 cacionis
527 3504 673 3589 predicte
704 3505 841 3570 ecclesie
872 3515 1080 3590 patronorum
1111 3515 1144 3570 et
1166 3504 1315 3570 altarium
1338 3504 1458 3570 devote
1482 3528 1550 3570 con·

357 3612 514 3690 venerint,
532 3609 573 3673 de
596 3611 821 3695 omnipotentis
845 3609 898 3674 dei
919 3608 1139 3673 misericordia
1163 3619 1196 3673 et
1218 3609 1386 3674 beatorum
1408 3609 1500 3676 Petri
1521 3619 1552 3674 et

356 3713 449 3778 Pauli
471 3713 685 3798 apostolorum
713 3713 889 3779 eorundem
919 3713 1162 3779 auctoritatibus
1192 3713 1305 3778 confisi
1334 3714 1551 3800 quadraginta

357 3818 426 3883 dies
457 3819 669 3884 criminalium
701 3818 742 3882 de
771 3821 921 3884 iniunctis
948 3817 1010 3883 sibi
1031 3819 1220 3903 penitenciis
1243 3818 1497 3884 misericorditer
1518 3820 1550 3882 in

358 3923 486 3988 domino
509 3923 704 3988 relaxamus.
736 3924 858 3988 Datum
881 3933 914 3988 et
935 3934 1044 3988 actum
1065 3922 1135 3987 loco
1159 3932 1191 3987 et
1212 3923 1412 4008 temporibus
1435 3922 1551 4009 quibus

357 4050 455 4114 supra
485 4027 546 4092 sub
576 4050 660 4092 anno
691 4027 811 4092 domini
844 4028 1011 4092 millesimo
1045 4027 1363 4113 quadringentesimo
1397 4029 1552 4114 quinqua·

357 4135 479 4218 gesimo
502 4142 616 4218 quarto
638 4133 753 4198 harum
776 4135 956 4198 testimonio
970 4131 1149 4198 litterarum
1163 4131 1225 4197 sub
1240 4133 1439 4219 appensione
1454 4131 1552 4198 nostri

357 4237 452 4322 sigilli
475 4237 723 4302 roboratorum!

358 4517 441 4572 troo.
463 4530 476 4554 ⁸
495 4520 568 4586 Orig.
587 4548 620 4556 -
639 4521 652 4553 ¹²
671 4519 850 4570 Unleserlich.
870 4547 901 4556 -
920 4529 932 4552 ⁶
949 4517 1095 4585 Corrigiort
1112 4533 1161 4569 aus
1178 4517 1278 4568 altor&

463 4675 473 4707 ²
493 4677 647 4742 Unrichtig,
670 4677 705 4728 da
727 4678 771 4727 dio
789 4676 890 4726 Kirche
908 4692 955 4728 sur
972 4676 1036 4728 hail.
1050 4675 1221 4743 Margaretha
1237 4676 1267 4727 in
1284 4675 1492 4726 Madet-Banna
1507 4689 1550 4740 ge

358 4766 437 4831 legen
455 4767 496 4816 ist.
