3250 5500
1250 479 1313 544 329

116 670 262 736 debitam
285 669 474 756 impendere
497 679 529 734 et
550 672 761 756 penitentiam
783 669 956 734 salutarem
978 671 1147 756 iniungere
1177 679 1211 734 et
1240 692 1314 735 cum

117 777 195 862 ipsis
226 775 392 841 monachis
427 797 526 861 super
558 773 807 860 irregularitate,
842 796 939 860 quam
973 776 1315 840 excommunicationis

116 882 276 945 sententia
299 878 387 965 ligati
409 881 523 944 missas
546 889 579 943 et
600 879 663 943 alia
686 878 797 943 divina
829 878 1025 943 celebrando
1047 879 1100 944 vel
1122 901 1158 943 se
1188 879 1311 944 eisdem

117 983 328 1050 immiscendo
362 1006 424 1049 non
456 994 566 1048 tamen
601 986 632 1049 in
664 993 883 1071 contemptum
914 984 1054 1049 clavium
1083 984 1216 1049 forsitan
1243 1006 1315 1049 con·

115 1098 289 1154 traxerunt
311 1111 350 1153 ac
380 1088 581 1173 contrahent,
609 1088 797 1175 dispensare
827 1111 1020 1174 omnemque
1049 1087 1256 1153 inhabilitatis
1285 1099 1317 1152 et

116 1194 250 1259 infamio
272 1193 433 1258 maculam
456 1194 522 1258 sive
545 1203 653 1258 notam
682 1216 741 1280 per
771 1196 856 1278 ipsos
887 1195 1117 1279 premissorum
1147 1195 1316 1258 occasione

117 1321 176 1384 pro
205 1307 351 1383 tempore
381 1307 578 1363 contractam
601 1297 730 1362 abolere
756 1301 867 1383 tuique
897 1319 1100 1363 successores
1129 1299 1256 1384 possitis
1285 1305 1318 1362 et

116 1403 254 1469 valeatis
277 1401 553 1468 constitutionibus
576 1400 757 1488 apostolicis
779 1423 906 1467 necnon
928 1405 1053 1468 statutis
1084 1413 1116 1467 et
1147 1411 1315 1470 consuetu·

119 1507 250 1572 dinibus
273 1509 457 1572 monasterii
481 1515 513 1572 et
535 1507 655 1572 ordinis
678 1505 896 1593 predictorum
924 1510 1021 1574 etiam
1043 1510 1221 1572 iuramento
1245 1529 1317 1571 con·

118 1612 301 1678 firmatione
337 1611 512 1698 apostolica
548 1611 602 1676 vel
639 1633 833 1697 quacunque
870 1612 1021 1677 firmitate
1058 1611 1121 1676 alia
1157 1610 1317 1676 roboratis

122 1718 308 1802 ceterisque
343 1717 511 1781 contrariis
544 1737 751 1801 nequaquam
785 1715 996 1800 obstantibus,
1030 1717 1219 1780 auctoritate
1250 1717 1318 1780 uni-

120 1820 256 1887 versalis
287 1819 424 1885 ecclesie
453 1830 565 1885 tenore
595 1823 794 1906 presentium
825 1819 1031 1884 concedimus
1060 1819 1247 1884 facultatem
1279 1842 1318 1883 ac

120 1927 218 1990 etiam
241 1934 442 2011 potestatem.
475 1924 631 1990 Volumus
654 1934 773 2009 autem,
797 1925 884 2011 quod
900 1927 1017 1990 crisma
1039 1944 1097 2011 pro
1121 1924 1213 1988 dictis
1229 1945 1319 1988 orna·

119 2032 238 2095 mentis
269 2028 422 2093 calicibus
453 2038 486 2094 et
515 2027 688 2113 habitibus,
718 2052 776 2115 pro
808 2050 944 2114 quorum
972 2051 1034 2094 usu
1063 2030 1245 2114 requiritur,
1276 2029 1318 2093 ab

120 2137 273 2221 episcopo
289 2135 426 2219 gratiam
449 2144 482 2199 et
504 2135 761 2199 communionem
785 2133 871 2198 sedis
886 2133 1060 2221 apostolice
1082 2133 1224 2198 habente
1247 2154 1319 2198 con·

120 2248 277 2304 secretur.
321 2237 411 2302 Nulli
434 2259 511 2322 ergo
534 2247 593 2304 etc.
640 2239 762 2302 Datum
792 2236 919 2302 Basilee
942 2237 1019 2302 IIII.
1035 2237 1108 2303 idus
1130 2240 1208 2302 iunii
1235 2259 1319 2301 anno

121 2366 143 2407 a
169 2344 336 2408 nativitate
368 2342 488 2408 domini
517 2341 684 2408 millesimo
715 2341 1032 2428 quadringentesimo
1062 2340 1318 2428 quadragesimo.
1414 2415 1420 2426 ι

167 2637 272 2708 1256.
927 2646 1010 2704 144⁰
1025 2645 1096 2702 duel
1112 2645 1163 2712 10,
1179 2646 1275 2704 mser.

122 2831 196 2897 Das
217 2832 336 2897 Butler
358 2830 465 2897 Concu
487 2830 618 2897 cerleiht
640 2829 792 2915 Gdttweiy
819 2833 910 2897 acea
931 2831 1049 2898 Ablass
1069 2853 1130 2897 voa
1152 2838 1174 2897 4
1197 2831 1322 2897 Jubrerr

122 2938 192 3003 aad
228 2943 273 3003 40
309 2936 415 3021 Tcpen
451 2938 508 3020 fuir
541 2940 670 3022 petuisse
702 2936 852 3021 Festtupe
883 2942 976 3003 auter
1010 2938 1224 3021 anpeqebeaea
1256 2938 1321 3004 Be-

639 3043 830 3125 drepanum.

230 3218 313 3284 Orig,
331 3218 408 3284 Perg.
444 3218 486 3269 An
506 3219 581 3270 einer
597 3218 697 3285 gelben
714 3218 913 3270 Seidenschnur
932 3218 975 3269 die
994 3218 1137 3270 Bleibulle.

232 3337 333 3391 Rechts
351 3340 400 3391 auf
416 3340 475 3392 dem
495 3340 572 3407 Buge
594 3342 629 3391 ist
651 3358 704 3392 von
727 3342 774 3392 der
798 3342 833 3393 H.
846 3341 892 3392 des
915 3340 1149 3395 Utin-Schwibers
1177 3344 1324 3394 vermerkt:

125 3426 168 3478 Ja.
181 3426 215 3478 de
236 3427 418 3493 Krar'uburpa;
435 3430 464 3478 in
482 3428 530 3479 der
546 3428 625 3480 Mitte
644 3428 690 3478 des
709 3430 807 3479 oberen
825 3429 944 3481 Randes:
963 3428 1081 3478 Balletur
1099 3446 1154 3479 ram
1171 3431 1263 3491 rer-ica·
1281 3444 1324 3480 am

126 3540 238 3591 rechten
255 3540 348 3592 Raude
367 3542 414 3591 der
431 3541 497 3593 Urk.
517 3542 561 3593 ein
578 3542 711 3608 Monogr.r
729 3514 792 3633 ᾗ
812 3543 884 3593 linire
902 3548 981 3594 unter
998 3541 1059 3593 dem
1076 3543 1152 3610 Buge
1170 3558 1214 3593 am
1231 3542 1325 3593 Raude

126 3654 173 3705 der
197 3654 440 3705 Monatsvermerlr:
459 3653 536 3719 Jurr.,·
554 3655 675 3707 denebeu
694 3657 787 3707 weiter
805 3658 930 3707 einwitrts
951 3673 1004 3707 von
1022 3656 1143 3723 gleichsr
1163 3657 1198 3707 Η.
1209 3673 1234 3706 u.
1245 3658 1326 3707 Tinte

126 3741 174 3792 der
186 3740 427 3793 Kostenrermerk:
448 3740 512 3806 XL‚·
530 3741 657 3793 darunter
669 3759 722 3793 von
740 3743 860 3810 gleicher
878 3744 913 3793 Η.
926 3760 951 3794 u.
965 3744 1058 3795 'liuta
1076 3743 1119 3794 Ja.
1138 3744 1170 3794 de
1186 3743 1326 3807 θενιιεήίιῑ

128 3828 258 3880 darunter
275 3844 329 3880 von
347 3830 460 3880 anderer
478 3828 512 3879 H.
526 3844 553 3880 ιι.
567 3830 658 3880 Tinte:
677 3830 717 3883 Jo.
727 3830 759 3881 de
771 3830 937 3895 Rocapdrt9.
961 3831 1018 3882 Aul
1038 3831 1084 3881 der
1096 3832 1268 3881 Auueuseite
1279 3830 1327 3882 der

127 3916 432 3984 Registraturvermerlr3
452 3918 578 3969 darentur
590 3934 643 3969 von
661 3918 781 3984 gleicher
793 3919 828 3970 Η.
839 3919 968 3970 mTinte:
987 3918 1107 3985 anue·
1124 3920 1174 3969 auf
1188 3918 1236 3969 der
1247 3918 1326 3967 Mitte

129 4004 176 4055 des
204 4010 320 4055 unteren
351 4004 469 4055 Rendes:
499 4004 541 4056 Jo.
559 4004 668 4068 Leoar'r5
696 4004 819 4057 daneben
846 4022 900 4057 von
929 4005 1043 4057 auderet
1068 4006 1102 4056 Η.
1126 4020 1151 4055 ιι.
1173 4006 1266 4056 Tinte:
1294 4004 1327 4056 B.

131 4087 253 4155 Fdrrter5
271 4093 300 4141 in
318 4091 364 4142 der
382 4090 492 4142 rechten
515 4098 629 4143 unteren
653 4092 741 4144 Ecke:
767 4092 908 4144 Ommltam
930 4093 1075 4143 Barttterure
1095 4092 1142 4143 dat
1162 4095 1192 4141 iu
1213 4093 1328 4143 munitm

123 4179 201 4243 scetis
218 4186 241 4229 et
255 4195 306 4244 per·
324 4195 368 4229 sec
385 4178 440 4229 dier
454 4178 623 4245 pcctboeorter
641 4178 690 4231 ΙΙΙ
703 4196 783 4231 amtor
802 4187 826 4231 et
844 4179 895 4231 XL
912 4179 981 4243 dterf
998 4179 1127 4231 darunter
1144 4195 1197 4230 von
1214 4178 1328 4229 anderer

129 4266 178 4318 H.:
203 4264 284 4317 Vacat
299 4283 350 4330 pro
366 4282 443 4317 naue.

236 4420 452 4488 sacrosancta
473 4421 635 4506 generalis
658 4421 800 4509 synodus
816 4422 1002 4488 Basiliensis
1025 4424 1058 4488 in
1081 4423 1194 4508 spiritu
1216 4430 1327 4487 sancto

130 4524 273 4613 legitime
297 4534 493 4612 congregata
508 4526 724 4593 universalem
739 4527 911 4593 ecclesiam
925 4537 1153 4614 representans
1168 4528 1328 4591 universis

133 4629 251 4697 Christi
274 4629 425 4695 fidelibus
447 4640 614 4717 presentes
644 4630 767 4697 litteras
796 4634 989 4718 inspecturis
1019 4631 1154 4697 salutem
1177 4640 1210 4694 et
1231 4632 1328 4695 omni-

133 4736 273 4821 potentis
309 4733 361 4799 dei
395 4734 662 4802 benedictionem.
715 4736 759 4801 Et
795 4738 823 4801 si
859 4736 1017 4823 propheta
1047 4746 1108 4801 etc.
1153 4734 1329 4821 Cupientes
