3250 5500
316 466 380 532 548

359 658 462 726 lm.
1149 646 1461 729 smmum.

418 848 483 914 Die
504 847 679 915 Oarrliuale
700 847 828 913 Alanus
857 866 927 911 coru
956 848 1037 912 Titel
1066 849 1122 913 der
1152 848 1223 914 leil.
1247 847 1416 929 Praaedis,
1447 847 1507 912 Jo-

315 953 436 1017 hauues
464 974 535 1017 vom
556 951 637 1017 utut
667 953 724 1017 der
751 951 823 1017 teu.
849 950 973 1035 Prisca,
1005 952 1145 1018 Jacobus
1166 974 1235 1018 aun
1257 953 1338 1019 Titel
1360 954 1412 1017 des
1434 952 1507 1017 lseil.

316 1057 505 1140 Orisopouus
526 1058 595 1121 rusa
616 1056 812 1122 Frauciscus
834 1076 904 1121 rom
925 1055 1007 1121 Tite
1029 1058 1084 1121 aer
1106 1056 1178 1122 leil.
1199 1058 1314 1123 Maria
1335 1078 1417 1121 uoaa
1438 1078 1508 1121 ver-

315 1161 417 1226 leiheu
431 1162 493 1225 deu
507 1161 695 1244 Giduhipeu
711 1160 823 1226 ueulu
837 1180 878 1225 eu
893 1158 1016 1241 Osteru,
1032 1160 1206 1244 Phraaten,
1222 1162 1337 1227 Maria
1350 1161 1509 1225 Himmel-

315 1267 414 1349 salut,
437 1286 482 1329 au
504 1265 565 1329 deu
580 1265 696 1330 Festeu
718 1265 774 1330 des
793 1262 865 1329 seit.
882 1264 1079 1330 Laurentius
1100 1267 1169 1330 uua
1191 1267 1246 1330 der
1261 1264 1430 1331 Dedicatio
1451 1266 1510 1330 der

317 1368 438 1434 Kircite
460 1370 511 1434 die
525 1368 735 1451 Pfarrlsirclse
755 1390 829 1433 eum
851 1368 922 1434 teil.
940 1368 1137 1435 Laurentius
1152 1391 1193 1435 eu
1209 1368 1424 1436 Ualer-Nalib
1439 1370 1511 1434 uud

315 1474 368 1539 die
397 1472 649 1555 Marieulcapelle
676 1493 719 1538 eu
741 1472 937 1540 oser-Nous
968 1474 1231 1539 cudmhtsltalber
1260 1474 1418 1555 bauan,
1450 1474 1512 1539 das

315 1579 387 1644 leil.
403 1578 653 1644 Bassacrameut
675 1579 865 1661 euspfaupeu
887 1579 954 1643 uua
968 1600 1027 1643 eur
1042 1578 1228 1661 Reparatur
1242 1578 1311 1643 urul
1325 1577 1512 1661 Erhaltrany

316 1685 372 1749 der
391 1681 607 1763 Baulichlceit,
630 1683 687 1746 der
706 1680 833 1762 Kalene,
855 1681 983 1749 Br'ielter
1005 1684 1073 1749 ursel
1095 1684 1230 1749 auderer
1246 1682 1511 1766 samariaequ-

315 1788 428 1855 uana
449 1789 542 1853 auen
563 1786 701 1870 Beitrap
723 1786 843 1865 leisteu
867 1788 958 1853 eiueu
980 1788 1097 1853 Ablass
1118 1808 1178 1853 aar
1201 1792 1268 1852 100
1282 1789 1398 1871 Tapeu.

420 1892 555 1976 Sicaler:
579 1892 630 1957 die
652 1892 997 1959 Uruuaenausuelar.

422 1997 544 2061 Datum
567 1996 669 2061 Rome
693 1995 819 2083 (1463),
844 1996 896 2061 die
919 2018 997 2061 vero
1019 2005 1134 2061 octava
1156 1999 1275 2061 mensis
1297 1998 1386 2080 iunii,
1409 2000 1512 2084 ponti·

316 2102 431 2166 ficatus
452 2112 514 2167 etc.
538 2101 586 2166 Pii
608 2109 670 2166 etc.
693 2122 778 2186 pape
801 2100 936 2165 secundi
958 2122 1042 2166 anno
1065 2103 1184 2187 quinto.

420 2293 502 2358 Orig„
525 2294 601 2359 Perg.
618 2292 810 2358 leuchtflsclrig
832 2308 858 2343 n.
877 2292 1040 2359 baschltdigt.
1071 2296 1087 2342 4
1106 2293 1194 2359 Siegel
1213 2310 1265 2343 von
1283 2294 1405 2344 brunnen
1427 2292 1512 2343 Hant’-

316 2378 449 2430 schnflren
468 2379 628 2446 ahgetallen.

362 2608 459 2676 1535.
1026 2612 1109 2670 1463
1125 2614 1195 2669 iuni
1212 2614 1262 2679 26,
1279 2608 1467 2691 [(ἶᾶῒῐποίς].

318 2801 497 2885 Wolfpaup,
522 2800 734 2884 Weihbisclsos
749 2822 809 2865 nou
832 2799 970 2882 Passau,
1001 2801 1208 2868 reconciliicrt
1237 2803 1305 2867 aud
1327 2803 1515 2867 ouuecriert

316 2906 353 2970 iu
375 2903 528 2990 aeuuuy
550 2907 610 2971 das
631 2906 723 2989 Stift,
746 2905 875 2984 Kirelra
899 2905 1061 2990 Friedlwf
1076 2907 1144 2972 uud
1158 2907 1272 2973 Alldre
1292 2907 1360 2970 aud
1381 2906 1516 2972 ouleiht

793 3011 884 3076 auen
906 3010 1031 3076 Ablass.

423 3187 504 3252 Orig.⁹
523 3185 599 3251 Perg.
635 3183 725 3251 Siegsl
743 3198 778 3236 an
796 3187 905 3237 weisssr
924 3185 1103 3237 Hanlschnnr.

422 3358 489 3424 Nos
504 3357 730 3444 Wolffgangus
753 3381 793 3422 ac
817 3358 902 3423 sedis
925 3359 1099 3445 apostolice
1122 3360 1233 3444 gracia
1256 3360 1427 3445 episeopus
1448 3360 1514 3445 Yp-

319 3466 470 3551 ponensis
492 3485 531 3529 ao
555 3472 743 3550 cooperator
757 3465 790 3529 in
805 3464 1042 3551 pontificalibus
1058 3464 1319 3529 reverendissimi
1334 3467 1365 3529 in
1382 3463 1516 3530 Christo

319 3571 420 3655 patris
449 3577 482 3633 st
511 3568 640 3645 domini,
664 3567 785 3634 domini
804 3567 950 3634 Vdalrici
973 3571 1114 3656 episcopi
1137 3569 1338 3634 Pataviensis
1361 3591 1421 3656 per
1442 3591 1516 3655 pre-

320 3681 428 3735 sentes
458 3671 654 3756 profitcmur.
700 3672 760 3737 Pia
790 3681 893 3737 mater
923 3672 1060 3737 ecclesia
1084 3682 1145 3738 etc.
1170 3675 1336 3759 cupientes
1360 3673 1459 3756 igitur
1481 3682 1517 3737 et

319 3777 549 3840 monasterium
577 3777 611 3840 in
638 3774 795 3860 Gotwico,
826 3779 960 3864 criptam
992 3776 1149 3842 ambitum
1179 3776 1354 3862 capitulum
1385 3797 1514 3840 necnon

320 3878 383 3944 alia
411 3878 483 3944 loca
513 3879 737 3945 conventualis
766 3883 852 3946 intus
876 3890 908 3946 et
929 3903 1058 3946 annexa
1080 3880 1123 3945 ad
1147 3879 1305 3946 cautelam
1328 3879 1516 3945 reconcilia·

321 3985 427 4048 vimus
458 3994 490 4048 et
512 3986 741 4050 monasterium
763 3986 927 4070 virginum
949 3985 1071 4050 ibidem
1093 3994 1125 4049 ct
1148 3984 1212 4050 duo
1235 3984 1348 4050 altaria
1370 3982 1448 4049 inibi
1472 3982 1516 4049 de

320 4096 427 4153 nova·
449 4091 719 4173 consecravimus,
746 4112 846 4154 unum
869 4091 902 4155 in
925 4090 1079 4156 honorem
1101 4090 1297 4155 visitacionis
1321 4099 1353 4154 et
1375 4110 1514 4174 concep-

321 4194 422 4257 cionis
452 4192 556 4258 Maria
590 4216 630 4258 ac
663 4195 696 4259 in
727 4193 881 4260 honorem
912 4194 1127 4280 apostolorum
1159 4193 1298 4281 Philippi
1329 4203 1362 4258 et
1390 4193 1516 4278 Iacobi,

321 4295 409 4362 alind
432 4299 464 4362 in
487 4296 641 4362 honorem
664 4307 850 4363 sanctarum
865 4298 983 4363 Vrsule
999 4297 1165 4364 Dorothee
1181 4298 1356 4365 Scolastice
1378 4300 1516 4383 virginis

321 4423 449 4466 necnon
480 4400 638 4487 capellam
668 4411 762 4468 extra
791 4405 1019 4468 monasterinm
1042 4425 1067 4468 s.
1092 4403 1224 4489 Georgii
1246 4405 1280 4468 in
1303 4411 1410 4467 monte
1433 4403 1517 4487 posi·

322 4514 389 4571 tam
420 4515 452 4571 et
481 4505 715 4592 parrochialem
737 4506 859 4572 ibidem
882 4507 1062 4593 ecclesiam,
1087 4509 1276 4573 cimiterium
1299 4505 1517 4571 conventuale

322 4747 404 4802 1585.
425 4759 439 4784 ⁸
456 4750 528 4816 Orig.
541 4755 606 4801 statt
621 4767 692 4803 nono.
