3250 5500
1216 485 1281 552 479

191 672 332 742 Datum:
347 674 463 741 Geben
480 674 594 763 (1457)
610 674 667 741 des
684 685 814 763 sunttag
829 676 915 742 nach
930 676 990 743 dar
1004 677 1144 764 heiligen
1160 677 1279 763 dreyer

84 779 189 865 kunig
211 789 275 865 tag.

190 937 273 1004 Orig„
292 939 368 1005 Perg.
382 938 541 1006 rostlleclrig.
566 939 693 990 Deutscb.
718 940 759 990 An
778 940 984 1006 Parg.-Straifen
1005 944 1020 991 ³
1039 940 1136 1007 Siegel.

190 1062 211 1111 1.
224 1061 292 1112 ruud
305 1058 369 1129 (19),
381 1066 450 1129 grlin
462 1063 511 1113 aul
520 1062 679 1125 Sch.‚1vc.
699 1064 747 1115 U.:
760 1081 780 1113 s.
793 1065 852 1129 iorg
862 1078 868 1090 ·
879 1064 1028 1130 helrkinger
1039 1078 1044 1089 ·
1057 1067 1131 1114 145⁴.
1150 1064 1279 1115 Tartscbe

83 1146 208 1215 getbeilt.
237 1148 399 1199 Stechhelm.
430 1148 543 1200 Cimier:
567 1149 814 1202 lOebsenhltrner.
853 1178 885 1188 -
921 1150 956 1200 11.
974 1150 1043 1201 rund
1055 1150 1121 1217 (21),
1142 1155 1211 1216 grtln
1234 1151 1284 1201 aul

82 1235 156 1296 seu,
184 1235 223 1287 IV
235 1236 263 1290 C.
301 1238 348 1289 Ua
381 1254 401 1288 s.
425 1236 767 1304 beligang·cbieuberger.
804 1238 933 1291 Getbeilt.
969 1238 1129 1291 Stechbelm.
1166 1238 1280 1289 cimici:

83 1324 99 1372 2
118 1324 332 1377 chsenhorner.
352 1350 384 1363 -
402 1326 451 1375 111.
471 1326 548 1387 rund,
566 1330 634 1391 grlln
652 1325 702 1376 auf
717 1325 786 1387 coh„
805 1326 875 1377 1vc
893 1326 943 1393 (nr.
959 1329 1025 1377 1402
1044 1326 1070 1377 S.
1083 1323 1116 1394 1).

128 1567 229 1636 1427.
876 1576 959 1634 1457
975 1577 1056 1634 littra
1073 1578 1122 1643 lo,
1141 1579 1235 1637 wien.

82 1744 224 1827 Bisebof
240 1743 273 1812 U
273 1744 354 1809 lricb
374 1766 435 1809 voa
456 1744 585 1811 Pascua
607 1750 748 1826 uncant,
772 1746 918 1830 bestdtipt
939 1746 1008 1810 aad
1029 1747 1192 1813 investiet
1214 1747 1279 1812 Aet

482 1851 613 1915 Martia
633 1870 694 1915 voa
715 1849 879 1933 Gdttwcip.

190 2026 271 2093 Orig.‚
287 2028 364 2093 Perg.
395 2026 485 2095 Siegel
503 2042 540 2079 an
559 2027 772 2095 Perg.·Streiien.

190 2184 364 2250 Vdalricus
395 2183 449 2249 dei
479 2194 510 2250 et
540 2184 713 2272 apostolice
744 2182 830 2249 sedis
860 2186 972 2269 gracia
995 2186 1165 2273 episcopus
1188 2185 1279 2251 Pata·

82 2290 207 2355 riensis
240 2288 418 2356 honorabili
452 2289 570 2356 devoto
604 2290 637 2355 in
671 2288 799 2355 Christo
833 2291 959 2354 sincere
994 2288 1110 2355 dilecto
1140 2288 1280 2354 Martino

81 2394 188 2459 electo
210 2396 394 2459 monasterii
416 2395 512 2460 beate
535 2394 638 2459 Marie
660 2396 795 2480 virginis
818 2395 851 2458 in
867 2394 1012 2461 Gotwico
1035 2393 1155 2459 ordinis
1178 2394 1281 2459 sancti

82 2498 256 2565 Benedicti
282 2509 463 2565 nostrarum
490 2498 688 2565 fundationis
711 2509 744 2564 et
766 2498 902 2564 diocesis
925 2498 1062 2565 salutem
1084 2501 1117 2565 in
1141 2498 1279 2563 domino.

82 2602 169 2669 Cum
199 2602 324 2690 pridem
353 2607 583 2669 monasterium
612 2607 676 2669 iam
707 2602 828 2669 dictum
855 2626 915 2691 per
936 2603 1072 2670 liberam
1094 2605 1279 2689 resignatio-

80 2709 182 2774 nem¹
213 2707 322 2775 devoti
351 2712 385 2775 in
407 2708 535 2776 Christo
567 2707 673 2774 dilecti
704 2708 811 2774 fratris
836 2707 1033 2795 Wolfgangi,
1056 2708 1158 2774 ultimi
1180 2717 1213 2774 et
1235 2709 1280 2773 in·

81 2812 217 2880 mediati
246 2813 391 2879 eiusdem
413 2815 599 2880 monasterii
622 2813 760 2899 abbatis,
784 2813 935 2900 pastorali
957 2814 1070 2880 fuisset
1092 2813 1203 2879 solatio
1226 2811 1279 2878 de·

82 2921 239 3003 stitutum,
270 2918 409 3006 religiosi
439 2921 472 2984 in
502 2918 629 2986 Christo
657 2918 765 2984 dilecti
787 2919 929 2984 Thomas
951 2921 1047 3006 prior,
1078 2919 1279 2984 Laurencius

82 3027 202 3108 senior,
225 3024 441 3111 Wolfgangus
465 3025 639 3090 celerarius
661 3033 810 3111 totusque
835 3035 1012 3090 conventus
1034 3027 1099 3089 iam
1122 3023 1199 3089 dicti
1215 3045 1279 3087 mo-

82 3131 216 3195 nasterii
238 3129 469 3195 rationabiliter
491 3130 709 3214 advertentes,
734 3150 832 3215 quam
854 3129 1034 3215 periculosa
1056 3129 1189 3194 vacacio
1212 3127 1280 3192 din·

80 3237 151 3300 tina
174 3237 374 3300 monasteriis
398 3237 536 3300 existere
560 3235 659 3300 soleat
677 3235 817 3300 viduatis
834 3258 878 3300 ex
893 3257 997 3322 eaque
1012 3235 1045 3298 in
1061 3232 1279 3320 spiritualibus

81 3349 115 3406 et
138 3339 369 3425 temporalibus
391 3350 472 3405 teste
496 3342 705 3426 experientia,
730 3362 793 3426 que
815 3361 925 3404 rerum
948 3350 1136 3404 cunctarum
1159 3337 1279 3402 efficax

79 3454 133 3509 est
156 3445 320 3530 magistra,
343 3447 457 3530 gravia
480 3443 649 3532 dispendia
671 3446 845 3531 patiantur,
869 3442 1109 3508 considerantes
1125 3443 1229 3508 eciam
1245 3444 1278 3507 in

80 3549 301 3614 eleccionibus
332 3571 391 3635 per
419 3551 507 3614 viam
538 3550 682 3614 scrutinii
712 3547 869 3614 faciendis
900 3550 1009 3637 sepius
1039 3546 1217 3612 discordias
1247 3555 1280 3610 et

78 3675 237 3719 rancores
267 3656 350 3719 inter
379 3653 534 3720 electores
565 3653 701 3719 suboriri
732 3656 764 3718 in
794 3675 853 3718 nos
880 3663 1045 3740 tamquam
1067 3650 1225 3716 arbitrum
1247 3661 1280 3716 et

79 3759 207 3824 bonum
236 3759 341 3824 virum
365 3780 462 3844 super
486 3758 593 3823 futuro
617 3757 734 3824 abbate
757 3757 956 3845 preficiendo
979 3767 1012 3821 et
1033 3755 1181 3842 eligendo
1203 3779 1280 3821 una·

78 3865 160 3928 nimi
199 3872 273 3928 voto
311 3865 598 3950 compromiserunt
634 3863 764 3950 plenam
802 3863 917 3928 dantes
957 3861 1049 3927 nobis
1087 3871 1278 3948 potestatem

79 3966 237 4033 abbatem
269 3966 374 4033 eidem
404 3971 595 4034 monasterio
627 3967 776 4055 eligendi,
799 3977 895 4054 prout
916 3969 949 4032 in
973 3965 1113 4054 quodam
1135 3989 1278 4054 compro·

79 4074 172 4138 missi
206 4075 417 4138 instrumento
452 4072 592 4160 desuper
627 4074 771 4138 confecto
804 4072 930 4158 plenius
969 4073 1157 4136 continetur.
1204 4069 1279 4150 Qua

79 4187 242 4263 potestate
273 4187 305 4242 et
334 4181 523 4243 auctoritate
553 4200 611 4243 nos
641 4187 766 4243 utentes
788 4185 915 4242 matura
938 4187 970 4242 et
992 4175 1135 4260 diligenti
1160 4173 1277 4240 delibe-

78 4285 207 4348 ratione
232 4305 306 4348 cum
328 4282 474 4370 pluribus
496 4283 652 4370 religiosis
675 4294 707 4349 et
726 4282 851 4348 devotis
871 4283 948 4348 viris
963 4280 1134 4369 prehabito
1149 4290 1182 4346 te
1198 4281 1277 4345 eius·

79 4506 167 4563 142⁷.
191 4508 201 4541 ¹
220 4510 333 4562 Obwohl
350 4511 434 4578 Papst
451 4511 578 4563 Nicolans
591 4511 622 4562 V.
640 4513 739 4563 bereits
759 4513 827 4562 1454
843 4511 899 4562 nsi
912 4512 946 4561 23
968 4510 1020 4578 (nr.
1036 4508 1114 4578 rasi)
1137 4508 1181 4562 die
1202 4507 1279 4560 Resi-

78 4599 194 4664 gnation
205 4597 252 4650 des
262 4599 344 4650 Abtes
354 4599 498 4666 Woligang
507 4601 541 4651 11.
554 4599 671 4650 annahm
683 4599 739 4650 und
751 4599 807 4650 ihm
820 4599 864 4650 die
876 4599 968 4650 Piarre
980 4599 1019 4650 st.
1030 4599 1093 4650 Vsu
1103 4614 1129 4651 a
1142 4599 1167 4648 d.
1177 4597 1278 4649 Golsen

80 4687 223 4754 anspracb,
241 4686 377 4738 urkundet
394 4687 515 4740 darselbe
532 4687 573 4738 als
585 4687 639 4738 Abt
655 4687 724 4738 noch
737 4689 830 4738 weiter
842 4688 884 4738 bis
896 4702 957 4737 num
969 4687 1053 4738 Jahre
1066 4686 1277 4736 leotrannus

81 4776 135 4844 (nr.
155 4775 243 4838 1426).
