3250 5500
1282 465 1325 538 te

133 673 250 729 vannus
272 671 466 730 detractibus
481 671 550 728 dicti
566 683 675 730 eorum
690 670 856 728 monasterii
870 662 1064 728 tenebantur
1077 671 1205 744 quotidie
1219 664 1326 728 omnia

133 771 319 834 necessaria
341 778 513 848 ministrare,
535 783 593 832 tam
613 782 728 849 propter
743 777 887 848 copiosam
902 777 1047 832 hominum
1063 777 1273 832 multitudinem
1288 777 1325 831 ad

131 881 224 952 ipsum
249 895 362 938 eorum
385 881 586 938 monasterium
607 880 810 936 confluentium
831 897 917 951 quam
937 885 1053 952 propter
1072 880 1151 934 bladi
1166 885 1195 935 et
1210 880 1272 936 riui
1294 882 1326 936 et

131 986 253 1040 aliorum
269 985 413 1042 ductuum
425 987 583 1058 penuriam,
600 1002 656 1056 que
667 985 797 1056 pluribus
809 984 894 1040 annis
904 985 935 1038 in
950 985 1081 1056 partibus
1096 985 1153 1038 illis
1167 978 1325 1060 viguerat,

131 1107 245 1145 necnon
268 1096 387 1162 propter
408 1091 557 1146 maximam
580 1089 813 1162 hospitalitatem,
836 1107 923 1160 quam
948 1079 1047 1145 iidem
1073 1079 1177 1145 abbae
1200 1090 1233 1145 et
1254 1103 1325 1145 con·

130 1197 249 1251 ventus
276 1185 434 1252 hactenus
461 1193 673 1250 servaverant
699 1197 728 1249 et
747 1191 883 1248 cornuue
904 1204 960 1248 eos
982 1209 1097 1250 servam
1111 1192 1271 1264 oportebat,
1294 1191 1328 1248 et

130 1299 187 1354 alia
207 1300 325 1356 diversa
344 1304 373 1355 et
392 1299 494 1372 gravia
513 1315 601 1354 onera
628 1291 674 1354 eis
701 1297 736 1352 de
755 1297 802 1352 die
821 1297 853 1350 in
873 1296 948 1352 diem
967 1296 1164 1352 incumbentia
1179 1297 1249 1352 adeo
1264 1301 1327 1351 erat

131 1402 295 1460 debitorum
314 1403 448 1460 onembus
467 1407 681 1476 pregravatum,
696 1401 808 1457 fructus
831 1413 960 1478 quoque
982 1402 1112 1458 redditus
1127 1406 1156 1457 et
1170 1406 1327 1473 proventus

130 1508 200 1563 dicti
225 1521 337 1564 eorum
359 1507 523 1564 monasterii
545 1507 575 1562 iu
600 1513 712 1562 tantum
735 1507 821 1564 exiles
844 1512 998 1562 attenues
1020 1505 1228 1576 erantefl'ecti,
1250 1507 1326 1576 quod

129 1606 190 1690 ipsi
213 1612 379 1668 huiusmodi
398 1612 621 1684 hospitalitatem
641 1628 755 1668 servare
775 1616 804 1668 et
819 1628 907 1666 onera
929 1604 975 1666 eis
997 1610 1194 1666 incumbentia
1208 1627 1326 1682 suppor-

130 1725 192 1772 tare
220 1731 261 1773 ac
289 1716 387 1772 debita
406 1717 567 1788 persolvere
594 1707 771 1793 nequibant
798 1716 856 1770 ullo
877 1717 959 1770 modo
979 1721 1009 1770 et
1026 1717 1104 1786 quod
1123 1715 1178 1770 nisi
1194 1732 1245 1785 per
1259 1733 1326 1786 apo·

129 1821 231 1876 stolice
246 1822 322 1877 sedis
337 1821 546 1893 providentiam
562 1811 710 1878 celeriter
731 1825 944 1876 succurreretur
966 1810 1097 1894 eisdem,
1121 1819 1323 1874 monasterium

130 1927 226 1998 ipsum
249 1925 370 1980 multum
386 1925 507 1980 desolari
524 1925 715 1982 verisimiliter
736 1915 963 1982 formidaretur
984 1929 1014 1979 et
1028 1942 1081 1996 pro
1096 1930 1177 1995 parte
1199 1914 1326 1980 abbatie

129 2045 170 2086 ac
199 2031 381 2086 conventus
402 2021 622 2107 predictorum
644 2030 735 2084 eidem
756 2029 948 2100 predecessori
971 2019 1133 2084 humiliter
1154 2029 1325 2104 supplicato,

130 2142 163 2190 ut
177 2135 209 2189 in
222 2133 308 2189 Nelib
324 2135 399 2189 etin
413 2133 564 2190 Hoisteteu
580 2151 614 2188 ac
629 2133 659 2188 in
675 2132 825 2188 Mauttarn
840 2124 985 2210 predicte
1000 2133 1121 2188 ffiocesis
1135 2133 1327 2204 parrochiales

130 2239 278 2309 ecclesias,
295 2255 416 2309 quarum
431 2229 547 2315 prefati
562 2227 665 2294 abbas
681 2240 715 2294 et
728 2239 907 2294 conventus
922 2238 1058 2309 patroni·
1074 2244 1107 2292 ut
1119 2241 1328 2294 asseruerunt

131 2334 329 2416 existebant,
352 2342 429 2397 dioto
452 2355 563 2399 corum
586 2343 758 2398 monasterio
780 2336 984 2420 incorporare
1000 2342 1173 2398 annectere
1189 2342 1222 2398 et
1236 2335 1327 2398 unire

131 2439 333 2524 dignaretur,
361 2447 436 2502 idem
455 2447 637 2518 predecessor
656 2446 760 2502 dilecto
781 2445 841 2501 filio
860 2445 975 2501 officiali
995 2445 1163 2503 Pataviensi
1182 2447 1244 2502 eius
1263 2464 1328 2518 pro·

130 2553 195 2624 prin
218 2543 356 2606 nomineb
379 2568 437 2606 nou
460 2567 591 2622 expresso
611 2551 671 2606 suis
693 2551 773 2606 dedit
793 2551 897 2606 litteris
919 2551 950 2605 in
972 2551 1123 2622 mandatis,
1147 2555 1180 2606 ut
1201 2549 1328 2622 prefatas

130 2657 279 2727 ecclesias,
302 2673 423 2728 quarum
443 2659 558 2712 centum
577 2673 641 2710 cum
661 2655 793 2712 omnibus
813 2655 924 2710 iuribus
943 2661 972 2710 et
990 2656 1171 2727 pertinentiis
1191 2657 1250 2711 suis
1266 2673 1326 2728 pre·

129 2762 193 2817 isto
213 2762 397 2833 monasterio,
421 2762 502 2817 cuius
521 2762 708 2817 ducentarum
728 2762 906 2817 marcharum
925 2763 1038 2835 argenti
1056 2763 1122 2833 puri
1141 2761 1252 2817 fructus
1266 2762 1327 2817 red·

131 2868 211 2923 ditus
231 2872 261 2922 et
279 2870 436 2938 proventus
453 2866 610 2921 secundum
625 2882 802 2921 communem
822 2865 1033 2921 extimationem
1048 2866 1173 2921 valorem
1188 2882 1326 2935 annuum,

131 2974 170 3029 ut
191 2966 290 3028 etiam
312 2960 449 3047 predicti
472 2961 576 3027 abbas
591 2971 624 3025 et
638 2972 816 3027 conventus
830 2970 1046 3043 asseruerunt,
1070 2988 1128 3025 non
1143 2970 1327 3040 excedebant,

131 3076 306 3131 auctoritate
322 3074 479 3147 apostolica
493 3080 631 3147 perpetuo
646 3075 843 3145 incorporaret
856 3080 1021 3130 annecteret
1035 3079 1065 3130 et
1079 3075 1175 3129 uniret
1184 3074 1235 3145 ita,
1251 3075 1328 3146 quod

131 3180 304 3235 cedentibus
326 3180 372 3237 rel
394 3178 598 3235 decedentibus
621 3179 779 3235 rectoribus
801 3179 943 3233 dictarum
963 3178 1155 3248 ecclesiarum,
1182 3179 1233 3249 qui
1259 3184 1329 3233 tnnc

132 3289 218 3340 erant
237 3284 284 3341 vel
301 3283 435 3339 ccclesias
450 3284 528 3357 ipsas
543 3283 615 3339 alias
630 3283 845 3354 quomodolibet
860 3283 1070 3339 dimittentibus
1084 3282 1183 3338 liceret
1206 3273 1328 3339 eisdem

132 3380 246 3445 abbati
269 3390 302 3445 et
325 3382 498 3446 conventui
520 3388 694 3459 corporalem
710 3388 917 3459 possessionem
931 3387 1115 3443 ecclesismm
1130 3404 1164 3443 sc
1179 3387 1284 3442 iurium
1300 3392 1328 3443 et

133 3494 374 3566 pertinentiarum
398 3492 588 3564 predictorum
611 3492 700 3549 libere
722 3492 937 3563 apprehendere
955 3497 985 3547 st
1003 3492 1081 3549 licite
1100 3493 1222 3547 retinere
1237 3492 1329 3548 dicce-

133 3599 199 3655 sari
213 3598 271 3653 loci
294 3598 340 3653 rel
362 3598 557 3669 cuiuscunque
579 3597 696 3653 alterius
718 3597 878 3668 superbae
900 3597 1018 3653 licentia
1040 3597 1156 3652 minime
1178 3598 1328 3669 requisita,

134 3704 290 3761 reservatis
311 3708 406 3757 umen
425 3704 461 3757 de
481 3701 622 3758 fructibus
643 3702 801 3757 redditibus
822 3708 851 3757 et
873 3701 1062 3773 proventibus
1084 3692 1262 3759 earundem
1284 3720 1328 3758 ec·

134 3808 287 3864 clesiarum
303 3825 354 3879 pro
370 3808 491 3881 singulis
506 3806 650 3879 perpetuis
666 3806 801 3863 vicariis⁸
822 3806 999 3861 secularibus
1014 3806 1086 3861 inibi
1101 3807 1286 3861 instituendis
1301 3812 1330 3863 et

134 3912 285 3971 servituris
310 3912 424 3967 domino
447 3912 520 3967 inibi
543 3911 728 3967 laudabiliter
750 3911 780 3965 in
803 3911 910 3966 divinis
930 3910 1064 3983 congruis
1082 3910 1273 3982 portionibus,
1293 3912 1329 3966 de

134 4018 242 4089 quibus
263 4016 363 4075 ricerii
382 4017 437 4089 ipsi
456 4022 574 4089 merent
588 4032 714 4089 congrue
728 4016 893 4085 susmntsri,
909 4015 1084 4087 episcopalia
1098 4015 1162 4070 iura
1176 4015 1286 4071 solvere
1300 4022 1330 4071 et

134 4124 194 4179 ana
216 4122 259 4179 eis
277 4122 474 4179 incumbentia
496 4140 584 4179 onera
605 4126 784 4194 supportare,
806 4139 840 4177 ac
861 4121 987 4177 decrerit
1009 4112 1095 4177 idem
1117 4110 1329 4198 predecessor

134 4229 248 4284 irritum
264 4234 293 4285 et
307 4228 404 4300 inune,
420 4229 444 4285 si
459 4244 540 4283 secus
555 4226 709 4300 superbiis
724 4244 743 4283 a
757 4242 902 4297 quoquam
912 4225 1015 4296 quavis
1027 4226 1197 4281 auctoritate
1207 4225 1330 4281 scienter

137 4334 183 4390 vel
208 4334 377 4407 ignoranter
403 4332 581 4405 contingeret
606 4331 780 4403 attemptari.
825 4320 1034 4387 Postmodum
1068 4342 1145 4387 vero
1182 4319 1328 4407 predicto

136 4429 379 4515 predecessore,
402 4431 484 4494 sicut
506 4428 634 4493 domiuo
657 4426 786 4514 placuit,
818 4429 885 4492 vita
906 4427 1016 4491 fruneto
1038 4426 1196 4513 nobisque
1218 4424 1329 4490 divina

137 4675 205 4730 942.
245 4688 258 4711 ⁸
275 4676 356 4741 Folgt
374 4674 435 4726 eine
452 4674 544 4724 kleine
562 4673 654 4723 Rssur.
678 4702 711 4709 -
734 4672 928 4724 b'rbeilweise
945 4673 994 4723 aui
1009 4672 1102 4723 Rasnr.
1123 4699 1155 4709 -
1177 4682 1189 4706 ⁰
1207 4672 1262 4722 Das
1279 4670 1328 4721 sol·

138 4765 224 4833 geuds
240 4764 398 4815 secutoribus
416 4763 480 4811 datos·
497 4764 525 4811 in
543 4763 571 4810 iu
589 4761 749 4829 gedrltngter
767 4759 866 4811 Sobrnt
882 4760 1040 4811 autumer.
