3250 5500
1241 497 1283 561 29

93 697 195 752 catum
219 687 373 773 prestabo
397 688 520 755 eisdem
542 709 583 754 ac
603 691 638 754 in
660 687 768 754 eundo
791 697 824 755 et
844 687 1012 755 redeundo
1034 711 1090 755 eos
1109 688 1283 755 honorifice
1318 733 1324 741 -

90 790 233 858 taetabo
257 803 290 858 et
311 796 344 859 in
367 795 433 858 suis
455 793 702 859 necessitatibus
724 793 887 859 adiuvabo
910 816 972 860 nec
992 803 1147 881 quantum
1172 796 1205 858 in
1231 815 1283 858 me

90 893 192 981 inerit,
215 899 403 984 permittam
426 899 472 963 eis
494 897 634 984 aliquam
657 899 806 963 iniuriam
828 898 899 963 fieri
914 897 966 964 vel
982 899 1093 964 inferri
1109 907 1141 963 et
1156 897 1284 984 quibus·

90 1021 226 1087 cunque,
257 1005 313 1088 qui
343 1012 455 1069 contra
481 1003 639 1090 premissa
662 1003 713 1068 vel
736 1025 848 1067 eorum
871 1002 991 1089 aliquid
1015 1013 1208 1068 conarentur
1230 1002 1284 1067 ali·

89 1103 163 1190 quid
187 1114 392 1194 attemptare,
417 1117 574 1194 quantum
589 1116 711 1193 potero,
734 1129 787 1172 me
803 1129 965 1195 opponam
981 1129 1099 1194 eosque
1115 1130 1174 1194 pro
1189 1128 1283 1194 posse

88 1207 272 1296 impediam,
304 1211 496 1277 offensiones
527 1221 559 1276 et
589 1210 731 1300 dampna
759 1211 896 1300 predicti
927 1211 1047 1277 domini
1077 1215 1176 1277 nostri
1199 1235 1283 1300 pape

1 1343 2 1396 3
88 1325 118 1378 et
147 1313 235 1379 dicte
259 1315 405 1382 Romane
436 1315 583 1400 ecclesie,
614 1326 771 1404 quantum
793 1325 913 1403 potero,
937 1317 1065 1382 evitabo
1087 1339 1149 1382 nec
1172 1338 1228 1381 ero
1250 1318 1283 1381 in

1 1439 2 1495 1
88 1418 217 1483 consilio
248 1420 301 1484 vel
330 1421 362 1485 in
392 1421 479 1487 facto
508 1443 566 1486 seu
596 1429 746 1506 traamu,
778 1423 812 1487 in
843 1420 959 1508 quibus
990 1431 1101 1487 contra
1123 1423 1230 1508 ipsum
1251 1433 1284 1488 et

1 1589 2 1614 ,
88 1522 226 1588 eandem
257 1523 436 1590 Romanam
471 1525 643 1592 ecclesiam
674 1525 781 1613 aliqua
815 1528 943 1592 sinistra
975 1525 1029 1590 vel
1062 1521 1284 1613 preiudicialia

1 1628 2 1695 3
87 1627 321 1712 machinentur,
350 1639 382 1695 et
404 1632 431 1694 si
453 1629 530 1696 talia
552 1653 572 1696 a
594 1629 762 1718 quibusvis
782 1633 951 1718 procurari
972 1652 1104 1716 novero,
1127 1629 1179 1696 vel
1201 1639 1283 1696 trac-

1 1728 2 1812 }
86 1735 143 1796 tari
174 1731 366 1820 impediam,
400 1734 462 1800 hoe
493 1758 552 1824 pro
584 1757 678 1822 posse
711 1745 743 1801 et
772 1737 964 1822 quantocius
993 1745 1114 1822 potero,
1149 1734 1284 1801 comode

1 1830 2 1917 l
87 1837 278 1922 significabo
300 1837 403 1925 alteri,
426 1862 486 1928 per
508 1862 606 1927 quem
627 1841 728 1926 possit
747 1838 790 1906 ad
810 1863 921 1906 eorum
935 1840 1086 1906 noticiam
1101 1842 1281 1928 pervenire.

86 1941 230 2007 Vocatus
258 1966 303 2008 ax
329 1966 534 2031 quacumque
557 1966 657 2010 causa
679 1943 723 2010 ad
744 1944 907 2032 synodum
930 1966 988 2010 seu
1010 1943 1054 2009 ad
1076 1943 1209 2010 eosdem
1231 1967 1282 2010 ac·

86 2045 212 2132 cedam,
236 2049 298 2113 nisi
320 2048 509 2136 prepeditus
532 2049 625 2116 fuero
648 2052 804 2116 canoniea
820 2049 1066 2140 prepedicione,
1083 2051 1193 2137 eisque
1210 2050 1283 2115 obe-

86 2149 246 2217 dienciam
268 2161 301 2218 et
323 2155 550 2219 reverenciam
573 2153 698 2220 debitas
722 2152 885 2219 exhibebo
904 2163 937 2220 et
950 2153 1113 2241 prestabo,
1129 2153 1282 2241 apostolo-

85 2279 154 2321 rum
169 2255 283 2323 limina
297 2257 431 2344 singulis
446 2257 583 2324 bienniis
598 2257 735 2324 visitabo
751 2267 807 2325 aut
822 2281 882 2345 per
896 2280 947 2323 me
963 2269 1020 2324 aut
1033 2281 1094 2346 per
1108 2259 1282 2324 nunccium

83 2384 203 2446 meum,
234 2363 298 2428 nisi
328 2362 502 2448 apostolica
531 2362 682 2429 absolvar
702 2362 850 2429 licencia.
894 2363 1117 2429 Possessiones
1140 2385 1217 2428 vero
1240 2361 1282 2428 ad

84 2488 194 2532 meum
220 2469 450 2533 monasterium
472 2469 669 2554 pertinentes
692 2490 755 2533 non
780 2466 921 2534 vendam
943 2490 1004 2533 nec
1028 2467 1154 2534 donabo
1177 2489 1283 2554 neque

83 2570 298 2658 inpignorabo
322 2593 427 2658 neque
451 2571 491 2637 de
514 2594 598 2639 novo
620 2571 796 2639 infeudabo
818 2571 872 2639 vel
893 2572 1000 2660 aliquo
1023 2572 1118 2638 modo
1134 2571 1282 2637 alienabo

83 2675 265 2742 inconsulto
287 2675 434 2741 Romano
463 2677 624 2766 pontifice.
670 2675 753 2742 Item
780 2677 998 2743 asserentibus
1022 2676 1195 2765 dampnate
1218 2699 1282 2740 me·

82 2784 184 2847 morie
207 2781 388 2847 Robertum
418 2782 492 2849 olim
523 2782 656 2848 basilice
683 2781 856 2849 duodecim
878 2782 1095 2870 apostolorum
1115 2782 1282 2870 presbyte-

82 2910 155 2953 rum
190 2886 392 2953 cardinalem
425 2886 547 2954 dietum
579 2886 830 2955 Gabennensem
858 2897 937 2954 tunc
967 2890 1152 2975 antipapam
1183 2887 1283 2954 fuisse

82 3014 199 3057 verum
230 3014 350 3079 papam
381 3000 414 3057 et
444 2992 638 3079 perditionis
669 2992 743 3059 filiis
772 2995 855 3059 iusto
878 2991 931 3058 dei
953 2992 1071 3058 iudicio
1093 2995 1283 3058 auctoritate

83 3095 263 3183 apostolica
284 3096 528 3183 condempnatis
552 3108 585 3163 et
604 3120 716 3163 eorum
736 3097 930 3186 sequacibus
946 3121 986 3164 ac
1002 3096 1152 3163 dantibus
1168 3100 1215 3163 eie
1230 3098 1283 3164 vel

83 3224 196 3267 eorum
219 3200 316 3266 alicui
339 3202 495 3267 auxilium
518 3202 686 3269 consilium
708 3202 761 3268 vel
783 3201 939 3287 favorem,
965 3206 1197 3289 cuiuscumque
1216 3202 1282 3267 sue
1398 3203 1400 3208 ’

82 3307 144 3371 rint
159 3307 405 3393 preeminencie
420 3306 541 3373 ordinis
556 3306 718 3393 religionis
734 3306 929 3373 condicionis
945 3317 1001 3372 aut
1020 3316 1130 3392 status,
1151 3309 1283 3372 eciamsi

82 3410 205 3475 fuerint
226 3410 373 3476 Romane
397 3410 533 3476 ecclesie
556 3411 748 3496 cardinales,
772 3435 831 3477 seu
852 3411 921 3478 aliis
945 3412 1200 3499 quibuscumque
1223 3434 1283 3499 per

82 3514 257 3580 eeclesiam
288 3513 447 3580 denotatis
477 3515 530 3581 vel
559 3519 758 3604 inposterum
786 3515 987 3603 denotandis,
1011 3513 1166 3603 quamdiu
1188 3526 1284 3581 extm

82 3621 229 3705 graciam
253 3629 285 3684 et
307 3620 564 3685 communionem
584 3618 671 3687 sedis
685 3620 832 3707 predicte
847 3620 1094 3708 permanebunt,
1117 3644 1181 3687 non
1197 3619 1282 3686 dabo

83 3728 198 3810 quovis
229 3722 326 3789 modo
356 3746 415 3809 per
444 3747 496 3789 me
526 3725 580 3790 vel
609 3726 708 3791 alium
738 3724 860 3791 directe
888 3725 940 3791 vel
962 3724 1129 3808 indirecte,
1153 3724 1282 3811 publice

81 3829 133 3894 val
166 3828 296 3895 occulte
326 3829 483 3896 auxilium
513 3830 679 3896 consilium
708 3840 741 3895 et
762 3830 907 3896 favorem
929 3853 991 3897 nec
1013 3831 1056 3896 ab
1080 3830 1158 3913 aliia,
1184 3852 1282 3917 quan-

81 3943 149 3999 tum
181 3937 216 3999 in
249 3957 301 4000 me
323 3934 421 4001 fuerit
443 3944 475 4000 et
496 3932 654 4022 impedire
676 3946 798 4023 potero,
829 3934 900 4001 dari
922 3937 1115 4023 permittam,
1145 3935 1204 3999 sed
1228 3957 1282 4000 eos

83 4036 267 4104 secundum
297 4060 393 4126 posse
423 4062 542 4122 meum,
577 4037 681 4106 donec
712 4049 952 4125 convertantur,
986 4042 1078 4105 iuxta
1111 4061 1282 4127 processus

83 4142 287 4230 apostolicos,
318 4153 414 4231 prout
443 4145 562 4209 iustum
587 4144 693 4228 fuerit,
721 4166 909 4232 persequar.
955 4144 1011 4211 Sic
1039 4168 1093 4211 me
1123 4143 1204 4209 deus
1227 4142 1281 4210 ad·

82 4249 171 4315 iuvet
195 4258 229 4315 et
251 4248 314 4314 hec
336 4258 449 4314 sancta
471 4248 526 4315 dei
548 4248 735 4337 evangelia.

125 4496 209 4565 923·
980 4503 1064 4562 uos
1079 4505 1192 4565 linter
1206 4506 1236 4565 4.

86 4670 255 4738 Friedrich
276 4672 334 4737 der
347 4670 483 4752 Tecbler,
506 4668 645 4755 Psarrer
667 4692 708 4737 aa
722 4672 769 4738 St.
787 4671 858 4738 Veit
879 4694 910 4738 a.
927 4672 958 4738 d.
974 4671 1099 4755 Gdlaea,
1121 4674 1224 4757 stillet
1245 4675 1282 4740 ta

352 4775 408 4840 der
430 4775 550 4841 Kircbe
571 4778 709 4843 doaetbat
730 4778 800 4843 eabe
822 4776 1017 4845 Fruamaa.
