3250 5500
338 461 378 524 10

335 653 420 718 omni
450 650 667 716 iurisdictione
698 647 838 716 dominio
867 650 1090 735 superioritate
1112 658 1270 735 potestate
1292 649 1472 714 visitatione
1496 656 1529 712 et

336 759 532 824 correctione
563 756 704 842 episcopi
726 755 938 839 Pataviensis,
969 756 1024 841 qui
1053 776 1141 820 nunc
1170 763 1222 820 est
1249 765 1282 820 et
1303 776 1361 840 pro
1382 761 1529 838 tempore

335 862 441 945 fuerit,
471 869 504 926 et
532 859 749 947 quorumlibet
777 859 913 925 aliorum
935 859 1078 925 iudicum
1101 857 1336 925 ordinariorum
1357 879 1484 923 necnon
1507 880 1529 922 a

333 965 407 1053 lege
441 965 623 1050 diocesana,
658 967 790 1030 eciamsi
825 963 946 1030 dictum
979 967 1208 1030 monasterium
1238 986 1297 1050 per
1325 962 1449 1050 ahquos
1483 984 1528 1026 ex

335 1071 413 1136 dicti
436 1073 576 1158 episcopi
599 1069 893 1156 predecessoribus,
917 1071 1076 1156 episcopis
1098 1068 1355 1152 Pataviensibus,
1383 1071 1439 1154 qui
1460 1066 1528 1133 fue·

334 1184 410 1241 runt
430 1197 488 1262 pro
510 1185 666 1260 tempore,
690 1173 860 1240 firndatum
883 1195 940 1239 seu
964 1173 1108 1240 dotatum
1130 1173 1235 1258 hrerit,
1263 1183 1374 1238 tenore
1395 1193 1528 1259 presen-

334 1283 414 1345 tium
437 1279 478 1344 de
501 1278 633 1365 speciali
655 1281 766 1364 gracia
788 1279 958 1344 eximimus
982 1288 1015 1343 et
1035 1287 1191 1365 perpetuo
1213 1276 1387 1343 liberamus
1409 1298 1449 1341 ae
1464 1273 1528 1339 suh

334 1385 421 1450 beati
443 1385 531 1450 Petri
555 1395 587 1450 et
609 1383 695 1448 sedis
718 1383 892 1470 apostolice
914 1405 954 1448 ac
977 1383 1122 1449 eiusdem
1146 1383 1280 1448 ecclesie
1295 1383 1441 1448 Romane
1456 1402 1528 1466 pro

333 1491 478 1554 teocione
501 1490 692 1575 suscipimus
715 1497 811 1574 atque
835 1497 945 1553 nostra
966 1487 1086 1575 illaque
1108 1497 1262 1575 exempta
1283 1497 1316 1553 et
1336 1485 1439 1551 libera
1454 1506 1527 1549 esse

335 1592 538 1659 decernimus
560 1592 717 1680 nobisque
740 1601 772 1657 et
793 1593 1035 1658 successoribus
1057 1595 1173 1658 nostris
1195 1593 1349 1657 Romanis
1371 1589 1527 1676 pontifici-

334 1699 395 1764 bus
419 1699 572 1764 oanonice
595 1697 786 1764 intrantibus
810 1720 849 1762 ae
872 1697 957 1763 dicte
980 1697 1051 1764 sedi
1073 1697 1220 1763 volumus
1243 1696 1426 1762 immediate
1449 1695 1528 1760 sub·

333 1805 440 1868 iacere
470 1803 524 1886 ita,
555 1801 642 1889 quod
672 1803 844 1888 episcopus
875 1811 908 1867 et
935 1802 1059 1867 iudices
1089 1802 1207 1889 prefati
1235 1811 1292 1867 sut
1319 1800 1383 1866 aha
1412 1802 1527 1886 quevis

333 1928 473 1992 persona
495 1906 713 1972 ecclesiastica
735 1905 788 1970 vel
810 1906 985 1993 mundana,
1009 1928 1214 1994 quacumque
1230 1905 1411 1993 prefulgeat
1424 1903 1527 1990 digni·

333 2021 410 2098 tate,
439 2013 472 2076 in
500 2010 654 2077 abbatem
681 2018 714 2075 et
736 2020 932 2076 conventum
953 2015 1181 2077 monasterium
1203 2010 1349 2077 membra
1372 2007 1527 2075 ecclesias

334 2116 474 2203 capellas
505 2115 576 2180 loca
604 2117 823 2201 possessiones
845 2114 931 2181 bona
953 2137 1011 2181 seu
1033 2138 1190 2204 personas
1212 2114 1394 2181 huiusmodi
1414 2122 1527 2199 utpote

333 2241 465 2307 prorsus
487 2229 641 2305 exempta
664 2241 728 2286 nou
749 2222 850 2306 possit
872 2223 1213 2287 excommunicationis
1235 2221 1452 2307 suspensionis
1472 2217 1526 2283 vel

333 2324 493 2390 interdicti
527 2327 708 2389 sentencias
741 2324 947 2410 promulgare
980 2336 1037 2390 aut
1065 2325 1146 2390 alias
1175 2327 1299 2392 ratione
1329 2323 1438 2388 delicti
1467 2343 1527 2388 seu

335 2437 518 2494 contractus
548 2437 604 2493 aut
633 2429 692 2512 rei,
723 2449 788 2514 qua
809 2437 963 2515 ageretur
984 2431 1017 2494 iu
1039 2429 1157 2495 iudicio
1179 2429 1232 2495 vel
1255 2437 1358 2512 extra,
1381 2427 1526 2492 ubicum-

334 2557 397 2620 que
428 2535 645 2598 committatur
676 2531 830 2598 delictum
859 2532 912 2598 vel
941 2536 1067 2599 ineatur
1092 2543 1277 2600 sonemus
1303 2541 1433 2599 autres
1455 2533 1529 2617 ipsa

333 2755 390 2810 aut
419 2743 650 2809 correctionem
679 2740 820 2829 aliquam
844 2764 1011 2829 exercere,
1034 2742 1093 2809 sed
1115 2744 1287 2812 dumtaxat
1309 2766 1419 2809 coram
1442 2740 1532 2808 dicta

333 2848 411 2914 sede
441 2848 494 2915 vel
523 2849 592 2913 eius
623 2848 737 2933 legatis
759 2855 931 2913 teneantur
953 2847 995 2913 de
1017 2851 1144 2915 iusticia
1165 2848 1364 2935 respondere
1385 2870 1451 2912 non
1474 2847 1529 2912 ob·

334 2952 503 3037 stantibus,
533 2950 621 3039 quod
654 2954 737 3016 inter
770 2951 991 3018 venerabilem
1024 2953 1157 3019 fratrem
1193 2962 1337 3018 nostrum
1372 2952 1530 3020 Georium

334 3059 522 3144 episcopum
542 3057 771 3122 Pataviensem
801 3067 834 3121 et
862 3056 1025 3144 prefatum
1046 3057 1225 3123 Iohannem
1253 3058 1415 3141 abbatem,
1439 3066 1529 3121 ante·

334 3184 431 3249 quam
461 3164 529 3248 ipse
559 3163 778 3248 possessiones
808 3160 1097 3227 administracionis
1128 3162 1286 3227 bonorum
1316 3162 1394 3228 dicti
1416 3182 1528 3226 mona·

334 3269 421 3333 sterii
454 3266 696 3354 adipisceretur,
732 3265 773 3331 de
807 3265 963 3331 solvendo
997 3266 1103 3333 eidem
1131 3259 1253 3334 'Georio
1282 3268 1434 3353 episcopo
1467 3286 1529 3351 per

333 3374 438 3459 ipsum
468 3371 621 3438 abbatem
647 3370 826 3436 Iohannem
857 3380 980 3437 certam
1010 3373 1229 3457 pecuniariam
1259 3392 1418 3436 summam
1448 3379 1528 3435 tuuc

333 3498 522 3564 expressam
552 3478 586 3541 in
616 3485 704 3541 certo
733 3478 870 3541 termine
900 3478 1003 3541 eciam
1031 3486 1110 3541 tunc
1141 3496 1297 3564 expresso
1327 3486 1360 3541 et
1389 3474 1430 3540 de
1461 3496 1529 3561 qus

334 3582 394 3646 sibi
424 3584 458 3647 in
486 3590 579 3668 parte
602 3578 766 3665 satisfecit,
796 3590 833 3645 ut
854 3579 915 3645 sibi
937 3603 996 3667 pro
1018 3581 1201 3647 huiusmodi
1223 3579 1435 3667 adipiscenda
1456 3600 1530 3665 pos·

333 3687 474 3751 sessione
497 3686 670 3767 assisteret,
701 3683 842 3773 quedam
863 3695 961 3772 pacta
991 3688 1220 3751 conventiones
1246 3686 1472 3772 promissiones
1496 3692 1529 3749 et

333 3789 551 3875 ohligaciones
585 3799 746 3855 certarum
779 3812 938 3876 penarum
971 3799 1048 3856 tunc
1081 3812 1310 3877 expressarum
1340 3789 1527 3854 adieccione

332 3894 452 3961 vallata
478 3894 602 3981 absque
631 3903 739 3959 tamen
768 3897 819 3959 sui
841 3903 1019 3961 conventus
1041 3916 1187 3975 assensu,
1210 3916 1274 3981 que
1297 3892 1428 3980 quidem
1451 3914 1526 3957 con·

332 4002 498 4065 ventiones
527 4001 753 4086 promissiones
783 4010 817 4064 et
838 3998 1049 4085 obligationes
1071 4024 1111 4065 ac
1133 4020 1233 4087 penas
1256 4001 1288 4063 in
1312 4000 1358 4063 eis
1380 3996 1526 4063 adiectas

333 4107 521 4170 auctoritate
550 4103 697 4190 predicta
726 4102 842 4169 harum
869 4106 952 4168 serie
974 4104 1159 4170 relaxamus
1181 4114 1214 4169 et
1235 4102 1279 4168 ab
1300 4102 1362 4168 illis
1384 4101 1527 4167 eundem

332 4210 510 4275 Iohannem
543 4208 696 4275 abbatem
730 4208 928 4274 absolvimus
961 4212 1087 4295 penitus
1116 4211 1287 4296 ipsumque
1317 4206 1360 4273 ad
1390 4214 1527 4272 comm·

333 4313 590 4380 observationem
619 4315 767 4380 volumus
797 4336 863 4378 uon
892 4315 995 4379 teneri
1021 4336 1148 4379 necnon
1170 4313 1272 4378 felicis
1294 4312 1528 4378 recordationis

333 4418 519 4485 Iunoeencii
553 4440 637 4505 pape
670 4420 773 4502 tercii,
810 4417 1049 4504 predecessoris
1086 4420 1194 4501 nostri,
1233 4420 1321 4484 circs
1357 4425 1529 4503 exemptos

334 4522 429 4607 edita,
461 4545 523 4609 quc
550 4524 675 4610 incipit:
706 4523 861 4607 volentes,
890 4532 922 4589 et
944 4522 1014 4588 aliis
1037 4522 1321 4589 constitucionibus
1343 4520 1526 4607 apostolicis

333 4748 399 4804 908.
438 4762 451 4787 ·
470 4752 550 4819 Folgt
566 4751 662 4820 getilgt
679 4768 744 4807 eoru.
