3250 5500
311 379 355 446 40

310 570 371 636 bus
392 573 475 636 iuret
496 570 539 636 ad
561 581 673 637 sancta
696 571 748 637 dei
771 571 950 658 evangelia,
974 573 1061 659 quod
1082 572 1167 638 infra
1186 595 1307 638 annum
1320 597 1342 638 a
1355 582 1501 659 tempore

311 677 556 742 examinationis
586 677 768 742 huiusmodi
799 676 1050 763 computandum
1080 677 1166 742 bene
1189 688 1320 743 cantare
1343 678 1501 762 addiscet,

311 803 385 846 cum
415 803 494 846 cura
522 781 575 846 vel
605 785 674 848 eine
705 805 783 848 cura
813 792 845 847 et
874 785 902 848 si
931 783 1041 848 forsan
1070 786 1115 849 ita
1145 804 1216 848 esee
1246 805 1309 848 non
1338 786 1503 849 inveneris

312 884 480 972 dictusque
502 886 689 952 hhidericus
719 909 782 952 non
813 887 897 953 bene
927 897 1037 953 cantet
1058 898 1091 952 et
1112 910 1177 953 non
1199 890 1353 953 iuraverit
1373 898 1409 953 ut
1430 910 1502 974 pre

310 991 421 1073 fertur,
453 990 625 1056 dummodo
648 993 754 1078 ipsum
780 991 860 1056 aliae
889 1002 963 1078 post
992 994 1264 1058 examinationem
1294 991 1431 1058 eandem
1458 991 1504 1057 ad

312 1093 522 1160 obtinendum
558 1095 753 1161 beneficium
791 1099 860 1161 eine
894 1118 972 1161 cura
1005 1096 1170 1184 ydoneum
1204 1119 1274 1162 esee
1307 1099 1502 1183 reppereris,

311 1221 409 1285 super
439 1199 555 1284 quibus
583 1210 671 1265 tuam
695 1203 924 1266 conscientiam
947 1222 1127 1276 oneramus,
1151 1203 1220 1266 eine
1244 1223 1322 1265 cura
1345 1200 1505 1265 duntaxat

311 1303 506 1369 heneficium
537 1302 799 1388 ecclesiasticum,
832 1308 922 1370 cuiue
950 1305 1073 1370 huobis
1095 1305 1241 1370 redditus
1263 1315 1296 1370 et
1317 1314 1504 1391 proventus,

312 1410 339 1473 ei
370 1431 445 1474 cum
475 1431 553 1474 cura
583 1410 695 1494 viginti
726 1412 877 1496 quinque,
908 1413 934 1474 si
965 1432 1042 1475 vero
1065 1413 1134 1475 eine
1157 1433 1235 1474 cura
1257 1410 1363 1492 fuerit,
1387 1409 1505 1474 decem

311 1522 343 1578 et
366 1521 436 1578 octo
459 1513 665 1578 marcharum
686 1517 811 1600 argenti
834 1514 1014 1580 secundum
1037 1536 1240 1580 communem
1263 1516 1505 1579 extimationem

310 1617 453 1682 valorem
475 1639 616 1682 annuum
638 1639 703 1683 non
726 1618 897 1702 excedant,
920 1618 963 1684 ad
984 1618 1185 1684 collationem
1200 1621 1414 1705 provisionem
1429 1641 1503 1704 pre-

312 1723 523 1787 sentationem
556 1744 614 1787 scu
649 1725 795 1808 quamvis
830 1722 926 1789 aliam
956 1722 1195 1810 dispositionem
1225 1723 1334 1788 dilecti
1362 1723 1419 1786 filii
1453 1774 1460 1787 .
1496 1772 1504 1786 .

312 1829 445 1892 rectoris
478 1827 688 1912 parrochialis
723 1827 858 1893 ecclesie
892 1830 925 1892 in
955 1827 1091 1895 Chreme
1126 1827 1210 1893 dicte
1245 1828 1380 1892 diocesis
1409 1829 1507 1914 perti-

311 1953 403 2014 nens,
432 1933 458 1995 si
486 1931 572 2018 quod
595 1942 693 1996 vacat
714 1931 757 1997 ad
779 1954 914 2018 presens
936 1933 990 1998 vel
1013 1956 1087 1997 cum
1109 1935 1285 2016 vacaverit,
1308 1929 1394 2019 quod
1417 1930 1507 1996 idem

312 2036 499 2102 Fridericue
522 2059 581 2123 per
604 2059 638 2102 se
660 2037 714 2102 vel
733 2047 975 2123 procuratorem
990 2061 1084 2103 suum
1099 2037 1141 2102 ad
1157 2037 1219 2102 hoc
1234 2036 1374 2125 legitime
1390 2039 1506 2101 consti-

313 2150 417 2206 tutum
432 2141 516 2206 infra
530 2143 624 2206 unius
639 2144 759 2207 mensis
775 2145 923 2228 spatium,
943 2152 1113 2229 postquam
1128 2143 1190 2207 sibi
1206 2142 1258 2208 vel
1273 2141 1378 2206 eidem
1394 2164 1508 2228 procu·

312 2249 410 2310 ratori
424 2247 551 2311 vacatio
566 2245 649 2310 illiue
665 2247 848 2330 innotuerit,
865 2247 995 2312 duxerit
1009 2246 1255 2332 acceptandum,
1272 2246 1507 2311 conferendum

314 2349 420 2415 cidem
454 2349 621 2415 Friderico
654 2359 726 2437 poet
755 2353 1011 2437 acceptationem
1039 2351 1221 2416 huiusmodi
1252 2373 1326 2416 cum
1356 2349 1508 2415 omnibus

311 2453 435 2520 iuribus
463 2464 495 2519 et
521 2456 720 2540 pertinentiis
749 2457 814 2520 suis
845 2455 1008 2521 donationi
1035 2465 1089 2521 tue
1111 2457 1301 2521 auctoritate
1323 2465 1434 2520 nostra
1455 2477 1507 2518 re·

312 2579 422 2624 serves
457 2558 629 2624 deuictus
662 2559 838 2626 inhibendo
873 2559 981 2625 cidem
1013 2561 1139 2645 rectori,
1173 2582 1216 2624 nc
1251 2559 1292 2624 de
1322 2559 1508 2624 huiusmodi

312 2663 473 2728 beneficio
503 2665 630 2728 interim
660 2667 755 2729 etiam
786 2674 861 2730 ante
892 2667 1147 2751 acceptationem
1170 2663 1317 2747 eandem,
1340 2664 1401 2727 nisi
1423 2671 1510 2749 post·

315 2790 412 2855 quam
443 2771 472 2833 ei
502 2771 686 2854 constiterit,
724 2770 810 2857 quod
845 2770 1030 2836 Fridericue
1062 2770 1116 2835 vel
1149 2778 1337 2855 procurator
1369 2766 1510 2854 predicti

314 2872 393 2938 illud
415 2871 575 2938 noluerint
597 2882 779 2961 acceptare,
804 2874 974 2961 disponere
998 2873 1222 2961 quoquomodo
1245 2883 1419 2961 presumat.
1465 2873 1513 2940 Et

315 2976 537 3044 nichilominus
560 2978 754 3043 beneficium
776 2978 968 3063 huiusmodi,
993 2978 1079 3065 quod
1101 2977 1295 3062 reservabis,
1326 2980 1352 3042 si
1379 2987 1416 3041 ut
1436 2999 1511 3062 pre·

314 3084 448 3149 mittitur
483 3092 580 3148 vacat
611 3083 665 3149 vel
700 3106 773 3149 cum
807 3086 983 3167 vacaverit,
1017 3083 1121 3148 eidem
1152 3082 1318 3147 Friderico
1351 3092 1424 3167 poet
1457 3104 1511 3145 ac·

316 3190 530 3273 captationem
566 3188 747 3274 predictam
784 3212 858 3253 cum
895 3188 1044 3254 omnibus
1080 3187 1203 3253 iuribus
1242 3197 1274 3251 et
1306 3186 1512 3272 pertinentiis

317 3292 510 3378 supradictis
541 3294 730 3359 auctoritate
759 3292 908 3378 predicta
937 3294 1084 3358 conferre
1114 3304 1146 3357 et
1167 3293 1334 3377 assignare
1356 3312 1514 3376 procures

317 3396 475 3461 inducens
498 3418 558 3483 per
579 3405 611 3461 te
634 3396 687 3461 vel
710 3396 810 3462 alium
833 3419 890 3462 seu
905 3396 983 3463 ahos
1000 3396 1139 3462 eundem
1155 3394 1357 3460 Fridericum
1372 3394 1425 3459 vel
1440 3417 1514 3481 pro

317 3509 497 3566 curatorem
509 3523 603 3566 suum
618 3503 686 3565 cius
701 3503 831 3567 nomine
846 3505 878 3567 in
895 3501 1096 3588 corporalem
1110 3504 1346 3586 possessionem
1361 3498 1513 3565 beneficii

316 3608 496 3693 inriumque
525 3616 557 3672 et
582 3610 849 3694 pertinentiarum
878 3606 1097 3693 predictorum
1125 3604 1241 3671 eadem
1267 3607 1456 3670 auctoritate
1479 3614 1515 3669 et

317 3712 495 3781 defendens
519 3713 687 3779 inductum
709 3734 749 3777 ac
771 3712 894 3778 faciens
910 3712 971 3776 sibi
987 3711 1028 3776 de
1045 3710 1194 3777 beneficii
1208 3708 1391 3775 huiusmodi
1404 3709 1515 3773 fructi-

317 3821 378 3886 bus
410 3816 591 3884 redditibus
621 3816 831 3904 proventibus
861 3815 985 3880 iuribus
1015 3824 1047 3880 et
1077 3812 1323 3879 obventionibus
1353 3814 1515 3877 universis

316 3927 440 4009 integre
470 3921 661 4008 responderi
691 3920 943 3986 contradictores
973 3941 1032 4005 per
1062 3940 1233 3983 censuram
1259 3917 1515 3983 ecclesiasticam

317 4028 531 4115 appellatione
554 4027 730 4112 postposita
754 4022 999 4110 compescendo.
1045 4023 1121 4088 Non
1142 4021 1343 4088 obstantibus
1365 4024 1393 4085 si
1414 4018 1515 4106 aliqui

318 4154 415 4218 super
445 4130 680 4217 provisionibus
710 4129 769 4195 eibi
799 4128 957 4194 faciendis
980 4128 1021 4192 de
1044 4125 1226 4193 huiusmodi
1249 4126 1303 4190 vel
1324 4125 1394 4190 aliis
1416 4124 1516 4190 bene·

317 4238 398 4303 ficiis
421 4234 649 4301 ecclesiasticis
672 4237 706 4300 in
729 4234 790 4299 illie
812 4233 959 4319 partibus
982 4232 1139 4316 speciales
1162 4230 1214 4296 vel
1235 4231 1404 4316 generales
1427 4229 1516 4295 dicte

319 4342 405 4407 sedis
436 4340 490 4405 vel
519 4340 700 4426 legatorum
731 4341 799 4403 eius
829 4338 951 4404 litteras
981 4338 1190 4424 impetrarint,
1222 4337 1345 4400 etiamsi
1374 4355 1434 4421 per
1458 4358 1516 4399 eas

320 4446 363 4511 ad
392 4444 615 4510 inhibitionem
645 4445 899 4509 reservationem
922 4452 955 4508 et
977 4442 1144 4507 decretum
1166 4439 1220 4504 vel
1242 4439 1321 4504 alias
1344 4438 1517 4525 quomodo

317 4551 397 4616 libet
420 4553 460 4615 sit
483 4570 680 4635 processum,
706 4547 824 4635 quibus
849 4547 998 4611 omnibus
1020 4556 1228 4632 preterquam
1250 4545 1439 4609 auctoritate
1462 4568 1518 4608 ne

320 4668 385 4721 stra
411 4653 596 4720 huiusmodi
619 4653 781 4718 beneficia
804 4650 1051 4738 expectantibus
1073 4650 1235 4737 prefatum
1256 4649 1459 4713 Fridericum
1482 4651 1514 4712 in
