3250 5500
343 449 406 513 124

340 640 545 726 pontificatus
577 651 637 707 ete.
674 642 827 708 Iohannis
860 667 943 732 pape
977 648 1120 711 vicesimi
1153 650 1244 713 tercii
1278 649 1414 735 predicti
1447 675 1529 717 anno

340 745 482 831 quinto'

444 850 585 935 Zeapeo:
613 852 816 938 presentibus
839 853 960 919 ibidem
983 855 1128 921 discretis
1151 859 1227 922 viris
1250 858 1458 924 Franciscino
1481 859 1528 924 Ia·

342 952 415 1018 cobi
438 954 532 1041 layoo
555 965 588 1019 et
610 955 831 1042 Stephanino³
853 957 1004 1024 Iohannis
1028 960 1068 1024 de
1091 961 1202 1046 Tilleo,
1231 962 1347 1028 elerico
1370 962 1531 1049 Aquensis

341 1060 478 1123 civitatis
501 1068 534 1124 et
556 1058 802 1126 Concordiensis
827 1062 972 1146 diocesis,
997 1064 1140 1131 testibus

443 1251 535 1318 Copie,
554 1254 630 1319 Perg.
660 1255 718 1305 Lat.
751 1256 877 1306 Inseriert
895 1258 924 1306 in
942 1273 982 1306 nr.
997 1258 1073 1308 1041.

383 1494 481 1562 1040.
960 1502 1059 1585 [1410
1075 1508 1135 1565 Mul
1152 1508 1398 1566 17-1415t1n
1420 1506 1488 1587 24]

339 1686 445 1769 Popst
466 1687 599 1752 Jotann
613 1689 756 1755 XXIII.
780 1691 967 1773 dispensiert
989 1692 1050 1757 deo
1071 1693 1189 1759 Patria
1203 1693 1420 1775 Odooanaat,
1442 1697 1534 1760 einen

341 1789 480 1858 Glerilter
509 1794 565 1857 der
586 1793 716 1861 Ducere
736 1794 854 1879 Dory,
884 1818 906 1860 o
932 1796 1053 1879 defectu
1075 1798 1235 1863 natalium
1257 1820 1330 1863 aum
1351 1800 1535 1884 Empfanyc

750 1901 807 1964 der
828 1901 961 1967 hilma
983 1900 1120 1967 Wea‘lteo.

444 2093 526 2159 Orig„
544 2094 620 2160 Perg.
634 2096 819 2147 versttlmmelt
836 2113 862 2147 u.
875 2096 1071 2149 durchlttchart.

444 2234 496 2284 Die
518 2234 739 2301 chronologische
756 2236 926 2304 Einreihung
948 2238 983 2287 ist
1000 2237 1083 2288 durch
1102 2237 1146 2287 die
1164 2237 1383 2303 Regiorungszeit
1400 2237 1535 2288 Jchann'a

339 2319 439 2370 xxm.
457 2322 588 2387 gegeben.

444 2494 604 2561 Iohannes
628 2500 807 2583 episeopus,
831 2520 944 2562 servus
968 2519 1135 2562 servorum
1159 2496 1220 2580 dei,
1244 2497 1422 2562 venerabili
1442 2498 1537 2563 fratri

342 2651 348 2664 .
374 2651 381 2665 .
406 2602 557 2687 episcopo
580 2601 777 2689 Augustensi
806 2612 838 2666 et
869 2602 993 2667 dilectis
1023 2602 1095 2666 filiis
1120 2654 1126 2665 .
1152 2654 1159 2667 .
1184 2601 1307 2667 decano
1330 2602 1472 2667 Derensi
1497 2626 1537 2667 ac

340 2704 476 2771 Iohanni
504 2706 710 2788 Olrasalaich,
743 2709 897 2773 canonico
920 2705 1151 2772 Armachensis
1182 2705 1369 2791 eccles[ie]¹
1393 2757 1536 2774 .....

341 2860 771 2879 ..............
795 2835 834 2876 ao
864 2834 989 2876 morum
1019 2812 1170 2876 honestas
1202 2811 1327 2898 aliaque
1357 2811 1538 2878 laudabilia

340 2915 508 3001 probitatis
538 2927 570 2982 et
599 2918 751 2982 virtutum
775 2920 899 3000 merita,
923 2939 1021 3002 super
1042 2915 1181 3002 quibusb
1204 2916 1291 3001 apud
1314 2939 1372 2981 nos
1396 2915 1538 2982 dilectus

341 3019 423 3084 lilius
439 3021 596 3085 Patricius
612 3020 837 3104 Odubanaich,
860 3021 995 3086 clericus
1012 3021 1166 3085 Derensis
1182 3020 1327 3106 diocesis,
1351 3019 1416 3085 lide
1434 3021 1537 3108 digno

341 3125 531 3190 commenda
556 3176 1243 3192 ......................
1268 3125 1329 3190 sibi
1356 3125 1539 3191 reddamur

341 3228 383 3293 ad
417 3233 562 3314 graciam
595 3231 754 3297 liberales¹
801 3230 882 3296 Cum
918 3233 1025 3316 itaque
1059 3233 1141 3295 sicut
1174 3233 1359 3316 accepimus
1394 3235 1539 3296 rectoria

340 3334 550 3420 parrochialis
575 3336 710 3401 ecclesie
735 3335 775 3400 de
795 3335 886 3400 Leac
906 3336 1013 3400 Patrio
1037 3335 1122 3400 dicte
1146 3334 1292 3420 diocesia,
1315 3357 1411 3421 quam
1435 3357 1540 3420 quon-

341 3437 416 3502 dam
449 3439 608 3504 Iohannes
642 3439 825 3527 Macchally
858 3490 1447 3505 ...................
1475 3451 1539 3522 ret,

341 3542 507 3608 obtinebat
535 3566 594 3630 per
624 3544 768 3621 eiusdem
795 3543 947 3608 Iohannis
979 3544 1110 3626 obitum,
1145 3546 1198 3630 qui
1230 3553 1323 3608 extra
1353 3543 1540 3609 Romanam

342 3651 464 3713 curiam
496 3648 580 3713 diem
611 3649 725 3713 clausit
747 3659 939 3732 extremum,
963 3651 1130 3714 vacaverit
1152 3657 1184 3712 et
1205 3659 1301 3713 vacet
1322 3647 1364 3712 ad
1386 3670 1539 3734 presens,

341 3776 399 3818 noe
429 3753 574 3818 volentes
605 3753 710 3817 eidem
734 3801 1393 3820 .....................
1418 3757 1541 3818 asser-it

342 3879 440 3942 super
471 3857 600 3922 defectu
623 3858 787 3941 natalium,
811 3880 908 3943 quem
930 3860 1050 3943 patitur
1073 3855 1114 3921 de
1136 3857 1328 3944 presbytero
1351 3859 1482 3940 genitus
1508 3867 1543 3922 et

342 3962 455 4046 soluta,
485 3972 521 4027 nt
543 3962 658 4028 eodem
681 3985 744 4027 non
768 3962 916 4027 obstante
948 3962 1077 4027 defectu
1104 3962 1146 4026 ad
1170 3983 1281 4025 omnes
1305 3963 1399 4025 etiem
1422 3983 1540 4026 sacros

341 4067 469 4132 ordines
491 4069 673 4154 promoveri
696 4076 729 4130 et
753 4067 776 4131 b
801 4115 1540 4134 .......................

342 4195 453 4237 curam
487 4172 625 4236 haberet
657 4173 848 4256 animarum,
883 4172 1029 4237 obtinere
1059 4181 1176 4257 posset,
1208 4172 1312 4234 extitit
1344 4173 1541 4236 auctoritate

342 4277 516 4362 apostolica
547 4276 767 4362 dispensatum
798 4279 1025 4362 premissorum
1054 4279 1240 4341 meritorum
1267 4297 1395 4338 snorum
1418 4277 1542 4340 intuitu

341 4503 424 4558 1039.
444 4503 457 4535 ¹
474 4505 545 4556 Statt
562 4505 660 4570 richtig
677 4513 754 4556 sexto.
774 4533 805 4542 —
825 4503 836 4535 ³
855 4505 931 4555 Auch
951 4504 1126 4570 Stephanum.

341 4643 424 4700 1040.
446 4657 458 4680 ·
475 4647 568 4697 Lttcke
586 4647 645 4697 hier
662 4647 718 4696 und
736 4645 877 4697 weiterhin
895 4645 998 4712 iniolge
1016 4645 1062 4696 der
1076 4643 1311 4710 Verstflmmelung
1329 4643 1376 4694 der
1393 4641 1537 4695 Urlrnnde.
1569 4666 1573 4674 ¹

343 4763 373 4771 -
393 4735 406 4767 υ
425 4736 512 4800 quau
530 4734 602 4800 apae
620 4734 669 4784 aur
684 4733 777 4784 auur.
