3250 5500
1241 492 1306 557 439

117 680 205 764 gulos
228 679 404 746 monachos
426 702 600 746 couversos
624 689 656 746 et
675 703 831 767 personas
845 705 884 746 ac
900 685 1073 747 servitores
1088 692 1156 749 tam
1172 683 1306 750 clericos

117 807 212 871 quam
241 784 339 850 laicos
370 788 485 851 vestris
516 796 548 851 et
576 787 676 872 ipsius
706 788 892 851 monasterii
914 790 1058 852 serviciis
1080 811 1139 874 pro
1161 798 1307 875 tempore

116 890 283 955 actualiter
304 892 487 955 insistentes
509 889 657 956 membra
679 890 834 957 ecclesias
849 891 989 975 capellas
1003 892 1075 957 loca
1090 896 1306 977 possessiones

116 993 227 1081 predia
255 1004 287 1059 et
308 997 461 1081 grangias
485 1018 559 1060 cum
581 994 678 1060 rebus
703 1006 735 1061 et
757 996 850 1061 bouis
872 998 938 1061 suis
960 996 1131 1062 mobilibus
1154 1006 1187 1064 et
1208 1000 1305 1065 inmo

116 1099 231 1165 bilibus
259 1100 477 1187 spiritualibus
507 1110 539 1165 et
567 1099 798 1185 temporalibus
827 1101 951 1165 iuribus
973 1111 1005 1166 et
1026 1103 1306 1169 iurisdicciouibus

115 1204 371 1291 quibuscumque
401 1204 444 1269 ad
473 1207 579 1290 ipsum
608 1206 838 1270 monasterium
867 1206 1088 1291 spectantibus
1110 1206 1306 1293 ubicumque

115 1309 370 1393 consistentibus,
395 1330 458 1396 que
481 1312 697 1395 possessiones
720 1312 872 1395 grangias
895 1310 1009 1396 predia
1030 1321 1064 1376 et
1077 1311 1163 1376 bona
1177 1312 1306 1376 mobilia

1 1478 2 1487 ,
114 1417 249 1501 propriis
271 1414 420 1479 manibus
442 1414 495 1479 vel
518 1414 699 1500 sumptibus
718 1416 835 1480 vestris
849 1416 995 1481 excolitis
1009 1438 1068 1481 seu
1083 1417 1188 1481 excoli
1202 1418 1305 1482 facitis

1 1524 2 1529 ’
113 1528 145 1584 ct
167 1540 231 1605 que
252 1521 286 1583 in
307 1521 549 1605 presenciarum
571 1520 725 1605 legittime
746 1518 917 1606 possidetis
937 1530 971 1586 et
983 1523 1192 1607 imposterum
1208 1520 1305 1587 dante

113 1622 241 1689 domiuo
263 1624 353 1689 iustis
375 1624 472 1689 titulis
495 1626 638 1710 poteritis
659 1624 805 1711 adipisci,
829 1623 873 1689 ab
895 1628 981 1690 omni
1002 1625 1227 1691 iurisdiccione
1251 1626 1303 1691 do-

112 1730 210 1794 minio
232 1738 389 1815 potestate
412 1729 618 1795 subieccioue
641 1732 846 1795 correccione
869 1739 902 1794 et
920 1732 1143 1816 superioritate
1158 1753 1306 1817 quorum·

1 1844 2 1879 ³
113 1856 252 1921 cumque
285 1837 388 1900 eciam
416 1834 596 1920 legatorum
626 1834 712 1899 sedis
741 1833 888 1921 predicte
919 1844 951 1899 et
978 1834 1019 1899 de
1045 1834 1146 1900 latere
1169 1835 1305 1900 Romani

1 1948 2 1967 ³
113 1940 272 2025 pontilicis
303 1939 514 2005 cardinalium
544 1942 712 2005 missorum
737 1962 795 2005 seu
817 1942 1028 2005 nunccios-um
1051 1938 1196 2005 eiusdem
1219 1940 1305 2004 sedis

1 2078 2 2081 ¹
112 2044 456 2131 archiepiscoporum·
499 2047 722 2131 episcoporum
760 2054 793 2109 et
828 2046 999 2130 presertim
1036 2046 1177 2130 episcopi
1212 2045 1305 2109 Pata-

1 2162 2 2165 ’
111 2150 232 2213 viensis
261 2170 319 2235 pro
350 2159 494 2236 ternpore
524 2152 689 2216 existentis
719 2159 751 2215 et
773 2148 907 2215 aliorum
930 2171 1205 2236 quorumcumque
1228 2149 1305 2215 iudi-

1 2268 3 2307 ὶ
112 2276 187 2319 cum
219 2264 251 2318 et
280 2253 511 2339 superiorum,¹‘
542 2253 664 2319 tamdiu
694 2265 727 2319 et
757 2276 925 2340 quousque
954 2276 1012 2319 ros
1042 2264 1074 2318 et
1101 2276 1305 2319 successores

1 2382 2 2397 ³
110 2359 210 2424 vestri
232 2357 293 2423 sub
315 2359 456 2443 regulari
478 2358 684 2424 observantia
706 2360 863 2442 vixeritis,
886 2368 921 2423 ut
941 2359 1102 2444 prefertur
1116 2360 1305 2423 auctoritate

1 2468 3 2541 {
112 2464 289 2550 apostolica
311 2472 421 2528 tenore
444 2466 649 2550 presencium
672 2486 803 2550 prorsus
827 2465 996 2528 eximimus
1019 2472 1052 2527 et
1074 2465 1177 2528 eciam
1192 2463 1305 2528 libera-

112 2590 185 2634 mus
216 2590 338 2655 vosque
368 2590 408 2633 ac
437 2566 506 2633 illos
538 2578 571 2633 et
599 2568 652 2633 illa
681 2568 743 2632 suh
773 2568 860 2633 beati
881 2569 971 2633 Petri
998 2575 1031 2632 et
1052 2566 1138 2632 sedis
1160 2568 1305 2653 predicte

1 2726 2 2733 ,
110 2675 318 2762 protecoioue
340 2676 530 2760 suscipimus
546 2682 642 2760 atque
658 2683 767 2739 nostra
781 2696 908 2738 necnon
924 2682 1090 2758 exemptos
1106 2682 1138 2737 et
1154 2683 1307 2759 exempta

1 2867 2 2872 ἵ
109 2803 183 2846 esse
217 2778 376 2844 voluimus
410 2779 566 2865 uobisque
597 2790 630 2845 et
658 2778 744 2844 dicte
774 2778 844 2844 sedi
872 2777 1059 2844 immediate
1088 2777 1222 2844 subesse
1251 2781 1305 2863 ita,

109 2884 199 2972 quod
213 2883 311 2970 legati
328 2887 456 2949 nunccii
468 2884 701 2970 archiepiscopi
717 2885 861 2970 episcopi
875 2893 908 2948 et
923 2885 1091 2969 presertim
1105 2884 1306 2948 Pataviensis

107 2992 281 3076 episcopus
304 3013 343 3054 ac
366 2988 489 3055 iudices
512 3000 544 3054 et
566 2991 747 3074 superiores
769 2989 886 3074 prefati
909 2990 1039 3052 racione
1061 2987 1212 3052 domicilii
1235 3010 1304 3073 per·

107 3117 262 3160 sonarum
286 3093 469 3160 deditarum
492 3117 549 3159 seu
572 3103 754 3159 conuentus
778 3104 834 3160 aut
855 3095 912 3176 rei,
936 3093 977 3158 de
1000 3115 1066 3178 qua
1087 3103 1210 3178 agetur,
1237 3092 1305 3156 ubi-

1 3213 2 3292 }
107 3223 252 3287 cumque
282 3200 498 3264 committatur
527 3197 692 3283 delictum,
723 3200 842 3263 iniatur
872 3206 1055 3263 contractus
1084 3208 1213 3263 autres
1236 3198 1306 3282 ipsa

1 3359 3 3364 ,
107 3307 274 3390 consistat,
309 3303 430 3370 nullam
462 3305 496 3368 iu
525 3325 583 3369 vos
613 3325 818 3368 successores
851 3303 1080 3368 monasterium
1113 3309 1305 3366 conventum

106 3409 286 3477 monachos
318 3431 489 3474 conversos
519 3430 673 3494 personas
703 3410 875 3474 servitores
904 3406 1052 3472 membra
1078 3405 1232 3471 ecclesias
1254 3428 1305 3470 oa·

1 3533 2 3570 3
106 3515 213 3603 pellas
235 3515 306 3580 loca
329 3515 546 3600 possessiones
568 3515 719 3598 grangias
742 3513 858 3599 predia
880 3535 932 3577 res
956 3512 1040 3577 bona
1062 3521 1095 3577 et
1114 3513 1184 3576 iura
1200 3511 1306 3576 huius-

1 3607 3 3690 l
105 3620 197 3686 modi
225 3622 346 3707 possint
372 3617 629 3684 iurisdiccionem
652 3627 844 3704 potestatem
867 3616 1043 3683 dominium
1067 3617 1305 3681 correocionem

1 3771 2 3780 2
105 3737 141 3792 et
173 3726 431 3812 superioritatem
463 3721 703 3810 quomodolibet
733 3745 899 3806 exercere,
923 3721 982 3786 sed
1005 3721 1174 3786 dumtaxat
1196 3742 1304 3784 coram

1 3873 3 3892 ·
104 3830 202 3896 uobis
227 3839 259 3894 et
282 3828 521 3894 successoribus
544 3830 660 3894 nostris
682 3828 835 3892 Romanis
857 3825 1061 3914 pontificibus
1083 3827 1238 3890 canonice
1261 3827 1305 3889 in-

1 3971 2 4024 j
104 3933 271 4001 trantibus
301 3933 355 4000 vel
384 3957 405 3999 a
434 3933 513 3998 sede
541 3933 689 4019 predicta
720 3930 877 4017 delegatis
906 3932 1080 3996 teneamini
1111 3939 1144 3994 et
1171 3931 1232 4016 ipsi
1261 3939 1305 3995 te·

105 4050 250 4105 neantur
265 4039 306 4103 ds
321 4040 447 4104 iusticia
462 4038 657 4123 respondere
674 4035 854 4101 districcius
869 4035 929 4100 sub
945 4057 1031 4122 pena
1046 4034 1245 4117 obediencie,
1260 4035 1305 4098 in-

1 4233 2 4238 ,
107 4144 261 4210 hibentes
277 4143 391 4230 legatis
407 4145 551 4208 nunceiis
566 4142 816 4228 archiepiscopis
832 4142 991 4227 episeopis
1007 4150 1039 4204 et
1053 4141 1224 4226 presertim
1240 4140 1304 4224 epi·

1 4321 2 4336 ,
107 4271 208 4336 scopo
231 4250 415 4314 Patavieusi
438 4247 598 4313 iudicibus
621 4258 653 4312 et
674 4245 892 4332 superioribus
914 4243 1077 4331 predictis,
1100 4267 1142 4308 ue
1164 4245 1225 4329 ipsi
1247 4265 1305 4306 seu

1 4341 2 4344 ¹
108 4355 226 4440 aliquis
249 4375 360 4418 eorum
383 4355 486 4418 eciam
509 4353 698 4418 auctoritate
721 4371 925 4437 quacumque
941 4351 1054 4436 quavis
1069 4351 1237 4414 occasione
1251 4347 1305 4412 vel

112 4589 196 4646 1382.
218 4603 232 4627 ⁸
251 4593 338 4643 archia
352 4613 383 4635 =
397 4606 440 4641 am
459 4591 585 4642 Schlusse
603 4590 650 4640 der
667 4589 741 4641 Zeila
759 4589 831 4640 ohne
848 4587 1041 4654 Nachtragung
1059 4586 1105 4637 des
1123 4587 1258 4638 weiteren.
1272 4613 1304 4623 -

1 4747 3 4782 ,
111 4698 222 4764 *uolgo
239 4700 284 4748 ain
302 4695 602 4762 Amlassuugsueiohen,
627 4696 742 4747 welches
760 4695 830 4746 auch
847 4711 892 4746 am
910 4687 1004 4745 Raude
1021 4693 1069 4744 des
1086 4693 1185 4744 Taxtes
1202 4697 1305 4758 gesetat

1 4817 3 4828 ›
112 4786 154 4836 ist
183 4787 236 4837 Die
255 4785 449 4851 Nachtraguug
467 4784 543 4835 fehlt.
