3250 5500
325 484 390 549 276

325 678 584 744 constitutionum
613 684 647 741 et
678 677 880 741 sanctionum
914 675 1101 759 earundem,
1138 676 1359 761 cuiuscunque
1395 673 1519 757 gradus

326 780 488 866 dignitatis
522 791 555 845 et
592 779 782 845 excellentie
819 780 948 863 fuerint,
986 780 1127 845 efficacis
1166 780 1360 847 defensionis
1397 777 1519 842 auxilio

325 888 509 951 assistentes
531 907 595 950 non
618 885 809 971 permittatis
833 906 887 949 eos
907 894 1020 949 contra
1043 886 1214 949 canonicas
1237 894 1269 949 et
1291 882 1411 968 legales
1427 905 1520 947 sanc-

324 992 427 1056 tiones
457 1000 490 1055 et
519 992 759 1055 constitutiones
793 988 976 1055 huiusmodi
1013 989 1156 1054 indebite
1194 990 1354 1054 molestari
1391 1010 1520 1053 necnon

325 1093 456 1160 easdem
481 1097 730 1178 constitutiones,
754 1095 810 1160 ubi
833 1104 866 1159 et
888 1094 1018 1181 quando
1041 1093 1197 1180 expedire
1224 1093 1377 1177 videritis,
1406 1092 1519 1157 solem·

325 1202 408 1264 niter
430 1199 631 1285 publicantes
653 1199 779 1265 faciatis
802 1209 1056 1284 transgressores
1080 1210 1111 1264 et
1133 1199 1303 1265 violatores
1324 1196 1518 1281 huiusmodi,

326 1307 352 1369 si
375 1314 407 1369 et
428 1315 523 1390 prout
544 1306 664 1369 iustum
692 1304 789 1369 fuerit
811 1326 852 1369 ac
874 1304 931 1370 ubi
954 1314 988 1369 et
1008 1306 1155 1391 quotiens
1178 1302 1368 1389 expedierit,
1394 1302 1520 1367 tamdiu

326 1411 622 1474 excommunicatos
643 1418 676 1473 et
697 1407 982 1475 anathematizatos
1008 1408 1136 1495 publice
1166 1410 1315 1490 nuntiari,
1344 1406 1448 1472 donec
1474 1406 1519 1471 ab

326 1511 502 1578 earundem
531 1512 692 1578 talliarum
725 1513 933 1579 collectarum
967 1514 1204 1600 impositionum
1238 1522 1271 1577 et
1303 1510 1520 1598 quarumlibet

326 1619 544 1682 extorsionum
565 1640 692 1682 necnon
714 1616 874 1683 bonorum
895 1617 1024 1683 abbatis
1046 1626 1079 1681 et
1101 1624 1278 1681 conventus
1301 1614 1519 1701 predictorum

325 1722 491 1786 invasione
522 1724 732 1787 arrestatione
777 1724 987 1808 occupatione
1023 1720 1205 1787 detentione
1240 1730 1272 1785 et
1305 1719 1520 1806 applicatione

326 1828 454 1890 omnino
496 1825 652 1891 desistant
685 1849 813 1892 necnon
849 1828 946 1892 etiam
983 1826 1159 1892 efficaciter
1194 1827 1364 1889 restituant
1397 1822 1520 1888 eisdem

326 1928 437 1995 abbati
470 1940 503 1995 et
532 1934 705 1997 conventui
739 1932 907 1996 occasione
941 1933 1170 2017 premissorum
1202 1952 1261 2015 per
1294 1950 1349 1994 eos
1381 1927 1457 1993 lesia
1487 1938 1521 1992 et

325 2037 468 2120 gravatis
490 2035 594 2101 tallias
616 2035 761 2121 gabellas
785 2046 818 2101 et
840 2037 1025 2101 exactiones
1048 2037 1134 2121 ipsas
1160 2056 1200 2098 ac
1223 2036 1320 2099 etiam
1349 2032 1436 2097 bona
1465 2031 1520 2097 ab

327 2138 409 2204 batis
432 2149 465 2205 et
495 2151 673 2206 conventus
703 2140 920 2228 predictorum
954 2149 1111 2205 arrestata
1140 2148 1298 2224 occupata
1327 2137 1458 2203 detenta
1488 2148 1523 2201 et

325 2242 488 2328 applicata
508 2246 586 2330 ipsis
609 2254 664 2310 aut
686 2266 750 2331 que
772 2267 833 2333 per
855 2266 890 2309 se
912 2245 966 2309 vel
987 2244 1065 2309 alios
1088 2243 1140 2309 illo
1167 2252 1319 2329 pretextu
1347 2241 1520 2328 quomodo·

325 2346 404 2413 libet
425 2359 627 2435 receperunt,
650 2372 727 2435 ymo
749 2352 859 2415 verius
881 2359 1003 2414 temere
1026 2358 1058 2414 et
1080 2349 1187 2413 illicite
1209 2355 1417 2433 usurparunt,
1441 2368 1462 2410 a
1485 2369 1521 2410 se

325 2451 427 2517 libere
450 2455 578 2518 omnino
601 2454 751 2519 relaxent
772 2477 811 2519 ac
834 2458 867 2519 in
897 2453 1047 2519 manibus
1069 2455 1185 2518 vestris
1214 2452 1401 2534 iuraverint,
1432 2449 1520 2535 quod

325 2555 367 2621 de
391 2567 498 2623 cetero
521 2558 597 2622 talia
619 2580 682 2623 non
705 2560 872 2625 comittunt
894 2569 926 2624 et
949 2581 987 2624 ea
1004 2557 1275 2623 committentibus
1291 2578 1355 2621 non
1375 2564 1522 2642 prestent

325 2661 481 2727 auxilium
511 2663 679 2729 consilium
710 2675 742 2730 et
770 2664 916 2729 favorem
946 2673 1058 2728 contra
1087 2661 1226 2727 dictores
1256 2682 1315 2747 per
1349 2682 1522 2725 censuram

325 2768 578 2834 ecclesiasticam
601 2779 634 2834 et
655 2769 719 2834 alia
740 2772 818 2835 iuris
840 2781 997 2855 oportuna
1019 2768 1164 2834 remedia
1179 2766 1415 2853 compescendo
1431 2769 1522 2830 invo-

326 2883 397 2937 cato
420 2875 517 2936 etiam
540 2873 582 2937 ad
605 2874 667 2938 boc
682 2877 708 2938 si
724 2896 803 2960 opus
827 2874 924 2938 fuerit
938 2873 1057 2938 auxilio
1080 2872 1205 2938 brachii
1228 2871 1392 2937 secularis.
1428 2869 1522 2935 Oete-

326 2999 398 3041 rum
419 2978 447 3040 si
469 2977 577 3042 forsan
600 2977 783 3044 huiusmodi
804 2989 1078 3064 transgressorum
1106 2987 1162 3043 aut
1184 2976 1375 3041 violatorum
1396 2974 1449 3040 vel
1481 2997 1521 3038 ea

326 3079 397 3145 fieri
418 3080 640 3146 mandantium
663 3085 804 3169 ipsisque
828 3083 1093 3147 consentientium
1120 3104 1178 3146 sen
1201 3081 1345 3146 dantium
1373 3079 1434 3144 illis
1460 3101 1522 3165 per

327 3207 361 3249 se
384 3185 435 3250 vel
458 3186 537 3250 alios
560 3185 681 3252 directe
704 3187 756 3253 vel
784 3186 942 3252 indirecte
965 3185 1094 3273 publice
1124 3187 1178 3251 vel
1207 3184 1332 3251 occulte
1362 3183 1523 3250 auxilium

327 3291 493 3355 consilinm
523 3291 576 3356 vel
604 3291 750 3357 favorem
780 3294 949 3378 presencia
984 3315 1041 3378 pro
1072 3289 1296 3357 monitionibus
1326 3300 1359 3356 et
1387 3291 1521 3374 requisi-

326 3393 464 3458 tionibus
488 3417 626 3481 perros
649 3394 690 3461 de
719 3398 796 3482 ipsis
827 3396 985 3462 faciendis
1015 3405 1083 3461 tute
1115 3417 1229 3460 secure
1263 3394 1316 3460 vel
1350 3393 1521 3459 commode

326 3496 440 3563 haberi
468 3502 627 3585 nequiret,
657 3523 715 3566 nos
746 3501 839 3566 vobis
874 3503 1065 3566 monitiones
1096 3509 1129 3565 et
1162 3501 1384 3586 requisitiones
1414 3498 1521 3562 huius-

327 3601 412 3667 modi
435 3626 476 3668 ac
499 3607 663 3670 citationes
686 3605 848 3691 quaslibet
869 3627 929 3692 per
951 3605 1058 3670 edicta
1087 3603 1217 3692 publica
1246 3603 1324 3669 locis
1354 3602 1521 3687 affigenda

325 3707 473 3793 publicis,
497 3708 538 3774 de
561 3710 678 3796 quibus
700 3713 741 3776 sit
763 3709 945 3776 verisimilis
968 3712 1163 3792 coniectura,
1192 3707 1279 3795 quod
1300 3708 1347 3794 ad¹
1373 3709 1519 3772 notitiam

327 3812 485 3877 dictorum
518 3817 686 3880 citatorum
716 3827 749 3880 et
781 3817 975 3880 monitorum
1004 3816 1174 3900 pervenire
1205 3812 1345 3896 valeant,
1377 3812 1521 3877 faciendi

330 3917 460 4002 plenam
489 3928 522 3983 et
550 3918 685 3985 liberam
719 3919 925 3985 concedimus
955 3929 1066 3984 tenore
1099 3921 1296 4005 presentium
1328 3925 1521 4004 potestatem

325 4023 480 4104 volentes,
505 4025 591 4111 quod
614 4026 803 4091 monitiones
826 4026 1048 4112 requisitiones
1078 4034 1111 4089 et
1141 4025 1307 4089 citationes
1336 4022 1520 4088 huiusmodi

326 4127 462 4213 perinde
485 4130 569 4214 ipsos
592 4131 706 4194 citatos
728 4131 898 4215 requisitos
914 4139 946 4194 et
960 4131 1106 4213 monitos,
1130 4137 1166 4194 ut
1187 4129 1390 4214 premittitur,
1413 4135 1521 4192 artent

326 4234 416 4296 acsi
439 4235 485 4297 eis
507 4232 593 4298 facte
617 4244 649 4298 et
669 4235 830 4299 insinuate
852 4232 1088 4321 presentialiter
1110 4243 1143 4298 et
1165 4232 1376 4318 personaliter
1399 4233 1519 4296 extitis-

326 4344 408 4419 sent,
439 4359 502 4401 non
532 4337 734 4403 obstantibus
764 4349 831 4403 tam
860 4341 913 4423 pie
942 4340 1096 4402 memorie
1126 4337 1282 4402 Bonifacii
1313 4358 1398 4422 pape
1426 4336 1519 4420 VIII,

327 4440 444 4526 quibus
467 4449 611 4517 cavetur,
634 4463 676 4506 ne
698 4441 813 4529 aliquis
842 4452 936 4507 extra
966 4465 1058 4508 suam
1089 4443 1251 4508 civitatem
1281 4440 1335 4506 vel
1365 4440 1520 4506 diocesim

326 4546 388 4610 nisi
409 4547 443 4609 in
466 4546 562 4609 certis
585 4549 730 4632 exceptis
759 4547 887 4612 casibus
910 4556 942 4612 et
972 4551 1004 4613 in
1028 4547 1087 4612 illis
1117 4546 1201 4611 ultra
1230 4569 1328 4610 unam
1359 4545 1478 4610 dietam
1501 4568 1521 4609 a

326 4650 392 4714 fine
415 4672 473 4715 sue
503 4650 640 4716 diocesis
670 4651 714 4716 ad
742 4652 898 4717 iudicium
928 4663 1081 4717 evocetur
1111 4673 1168 4716 seu
1199 4673 1240 4715 ne
1270 4649 1393 4714 iudices
1426 4660 1521 4715 extra

327 4756 490 4819 civitatem
512 4754 565 4820 rel
590 4755 751 4841 diocesim,
774 4759 807 4821 in
831 4757 948 4842 quibus
971 4755 1115 4842 deputati
1138 4754 1266 4838 fuerint,
1290 4764 1401 4820 contra
1429 4777 1521 4840 quos-
