3250 5500
333 464 400 530 452

333 668 382 723 est
411 660 465 741 ita,
496 642 620 744 prefato
645 658 828 743 Volfgango
858 661 890 723 in
922 668 1083 741 eventum,
1115 659 1202 745 quod
1227 662 1297 745 ipse
1320 661 1470 745 regimini
1494 672 1526 725 et

333 762 598 828 administrationi
629 763 811 829 huiusmodi
841 772 955 850 sponte
986 773 1019 828 et
1047 763 1149 829 libere
1175 764 1407 849 quovismodo
1431 764 1527 829 cedat

332 878 388 932 aut
410 867 488 932 alies
511 870 739 932 monasterium
762 870 867 954 ipsum
884 868 1030 951 dimittat
1053 878 1089 933 ut
1103 868 1338 955 parrochialem
1354 869 1525 933 ecclesiam

333 975 435 1037 sancti
451 972 518 1038 Viti
540 995 638 1058 supra
653 972 731 1038 Gols
756 972 842 1037 dicte
865 973 1013 1057 diocesis,
1037 995 1100 1059 que
1122 983 1158 1038 ut
1179 973 1265 1038 idem
1285 973 1388 1039 abbas
1404 977 1528 1058 asserit,

333 1100 391 1163 per
420 1077 594 1142 monachos
624 1079 724 1163 ipsius
756 1079 940 1142 monasterii
971 1077 1013 1143 ad
1042 1077 1126 1143 illins
1152 1100 1210 1165 pro
1232 1088 1378 1166 tempore
1400 1079 1529 1143 abbatis

333 1192 447 1247 nutum
471 1182 682 1247 amoribiles·
704 1181 873 1269 hucusque
895 1185 965 1268 regi
988 1184 1164 1267 consuevit,
1188 1205 1263 1248 cum
1285 1184 1434 1249 omnibus
1456 1185 1530 1247 iuri·

333 1288 394 1351 bus
418 1296 450 1352 et
472 1288 671 1374 pertinentiis
695 1288 759 1351 suis
783 1310 822 1352 ac
845 1286 978 1353 decimis
1000 1287 1176 1353 maioribus
1199 1297 1232 1354 et
1253 1289 1429 1355 minoribus
1444 1288 1530 1353 infra

334 1392 448 1456 limites
471 1391 615 1457 eiusdem
639 1391 775 1456 ecclesie
798 1395 902 1458 sancti
917 1392 984 1458 Viti
1006 1415 1134 1458 necnon
1156 1392 1225 1457 aliis
1250 1393 1381 1458 decimis
1404 1395 1530 1457 maiori-

335 1496 394 1562 bus
417 1506 449 1561 et
471 1496 646 1562 minoribus
668 1497 753 1561 infra
768 1497 883 1561 limites
899 1497 1107 1583 parrochialis
1124 1498 1259 1562 ecclesie
1276 1501 1379 1563 sancti
1394 1498 1530 1563 Andrce

334 1604 365 1665 in
389 1600 555 1687 Haynfeld
585 1600 730 1666 eiusdem
761 1600 907 1686 diocesis,
939 1623 1020 1687 quas
1044 1600 1208 1688 quondam
1230 1601 1385 1667 Albertus
1407 1602 1531 1669 Swein·

334 1706 435 1771 wart¹
469 1705 573 1791 longis
606 1708 773 1771 retroactis
807 1705 1006 1791 temporibus
1040 1707 1131 1771 titulo
1165 1708 1306 1793 pignoris
1340 1707 1383 1771 ab
1414 1706 1532 1772 eodem

334 1814 526 1876 monasterio
557 1814 659 1877 tenuit
682 1822 713 1876 et
735 1810 888 1898 possedit,
912 1811 1019 1877 eidem
1034 1811 1217 1899 Volfgango
1240 1835 1299 1898 per
1322 1834 1399 1877 eum
1421 1812 1530 1898 quoad

335 1918 453 1981 vixerit
482 1915 656 1981 tenendam
684 1916 861 2001 regendam
884 1926 916 1981 et
938 1916 1185 2001 gubernandam
1208 1918 1397 1982 auctoritate
1420 1926 1532 1981 nostra

336 2021 520 2086 concedatis
542 2023 596 2107 ita,
621 2021 707 2107 quod
730 2032 802 2106 post
824 2021 944 2085 factam
966 2043 1027 2106 per
1049 2044 1122 2086 enm
1146 2024 1324 2087 cessionem
1347 2044 1405 2087 seu
1425 2021 1531 2087 dimis

335 2128 457 2192 sionem
480 2125 656 2212 predictam
680 2125 776 2190 liceat
798 2125 859 2190 sibi
883 2125 969 2190 dicte
992 2126 1129 2190 ecclesie
1152 2129 1255 2191 sancti
1271 2128 1331 2191 Viti
1347 2128 1531 2212 inriumque

335 2241 367 2295 ct
395 2232 661 2317 pertinentiarum
688 2228 907 2316 predictorum
930 2232 1164 2315 possessionem
1187 2233 1376 2295 auctoritate
1399 2233 1531 2317 propria

334 2334 435 2400 libere
451 2334 696 2421 apprehendere
712 2356 751 2398 ac
766 2332 850 2398 illius
873 2332 997 2398 fructus
1019 2334 1165 2400 redditus
1189 2344 1221 2399 et
1242 2345 1429 2421 proventus,
1456 2357 1531 2421 quo·

334 2462 406 2504 rum
433 2462 558 2504 necnon
590 2440 731 2503 omnium
762 2438 962 2503 decimarum
991 2438 1211 2526 predictarum
1241 2462 1356 2504 verum
1385 2462 1531 2505 annuum

335 2544 477 2609 valorem
500 2542 702 2631 presentibus
724 2565 784 2629 pro
807 2547 970 2630 expressis
993 2543 1107 2609 haberi
1129 2546 1288 2629 volumus,
1312 2548 1484 2631 percipere
1500 2556 1532 2609 et

335 2648 457 2714 habere
488 2671 527 2713 ac
558 2670 668 2714 omnes
699 2648 842 2713 decimas
873 2648 1035 2734 predictas
1066 2652 1200 2736 exigere
1232 2661 1265 2715 et
1293 2652 1328 2713 in
1355 2671 1431 2715 suos
1455 2670 1530 2714 usus

336 2764 525 2820 convertere
558 2763 589 2820 et
619 2764 776 2840 perpetuo
806 2757 945 2820 retinere
976 2754 1140 2821 diocesani
1169 2755 1231 2820 loci
1254 2765 1287 2820 et
1309 2757 1530 2841 cuiuscunque

335 2860 466 2925 alterius
497 2881 594 2946 super
624 2859 686 2924 hec
716 2858 846 2924 lieentia
877 2859 928 2924 vel
958 2882 1093 2924 assensu
1122 2862 1251 2924 minime
1282 2863 1444 2946 requisitis
1468 2883 1529 2924 non

336 2967 555 3052 permittentes
571 2966 676 3050 ipsum
692 2963 912 3049 Volfgangum
934 2985 1032 3049 super
1054 2964 1193 3029 ccclesia
1215 2967 1318 3030 sancti
1334 2965 1400 3030 Viti
1422 2988 1463 3030 ac
1479 2967 1530 3030 de·

337 3073 426 3135 cirnis
456 3070 609 3156 predictis
639 3092 698 3154 per
721 3071 904 3155 quempiam
927 3068 1070 3133 indebite
1093 3069 1254 3134 molestari
1277 3069 1530 3135 contradictores

336 3197 395 3260 per
410 3196 580 3240 censuram
595 3173 847 3239 ecclesiasticam
863 3173 1077 3258 appellatione
1093 3176 1268 3260 postposite
1283 3175 1528 3260 compescendo.

336 3281 404 3344 Nos
436 3282 521 3344 enirn
544 3282 569 3344 si
593 3281 799 3344 concessione
822 3277 1005 3342 huiusmodi
1033 3301 1092 3363 per
1117 3299 1176 3343 vos
1198 3281 1308 3362 vigore
1331 3282 1530 3365 presentium

337 3383 407 3448 fieri
437 3386 601 3470 contingat
628 3393 663 3448 ut
685 3384 847 3470 prefertur
869 3381 994 3468 prefato
1010 3382 1203 3469 Volfgango,
1227 3394 1263 3449 ut
1285 3384 1389 3449 donec
1411 3387 1531 3450 vixerit

337 3488 379 3552 ab
403 3487 518 3553 eadem
541 3487 678 3553 ecclesia
700 3489 803 3551 sancti
819 3487 885 3552 Viti
907 3509 967 3572 per
988 3486 1141 3552 abbatem
1165 3487 1242 3553 dicti
1264 3492 1451 3554 monasterii
1474 3512 1531 3576 pro

336 3602 480 3679 tempore
511 3596 702 3658 existentem
733 3613 791 3657 seu
822 3613 1038 3678 quencunque
1067 3592 1166 3658 alium
1196 3596 1310 3679 quavis
1340 3596 1532 3660 auctoritate

336 3697 524 3783 fungentem
554 3697 677 3784 absque
699 3696 882 3762 rationabili
905 3719 1005 3761 causa
1027 3699 1146 3761 invitus
1169 3700 1312 3762 amoveri
1334 3719 1397 3762 non
1421 3701 1531 3784 possit,

337 3806 525 3868 auctoritate
548 3803 722 3890 apostolica
744 3813 856 3867 tenore
879 3805 1077 3888 presentium
1099 3802 1141 3866 de
1157 3803 1288 3888 speciali
1303 3806 1415 3888 gracia
1428 3805 1531 3869 indul-

337 3929 450 3993 gemus
473 3931 536 3972 non
560 3907 759 3974 obstantibus
783 3906 1060 3972 constitutionibus
1084 3916 1116 3971 et
1138 3907 1391 3973 ordinationibus
1407 3920 1533 3995 aposto-

337 4014 406 4078 licis
437 4017 561 4078 statutis
594 4023 626 4078 et
657 4011 943 4079 consuetudinibus
970 4013 1155 4076 monasterii
1178 4021 1211 4076 et
1232 4011 1352 4077 ordinis
1375 4014 1531 4098 predicto

337 4141 409 4183 rum
432 4121 609 4184 iuramento
633 4118 875 4183 confirmatione
898 4116 1073 4202 apostolica
1095 4116 1148 4181 vel
1171 4119 1284 4202 quavis
1300 4116 1364 4181 alia
1379 4119 1531 4183 firmitate

337 4223 495 4288 roboratis
529 4225 708 4309 ceterisque
739 4223 906 4287 contrariis
929 4221 1186 4306 quibuscunque.
1232 4219 1390 4286 Volumus
1412 4234 1530 4303 autem,

338 4327 425 4412 quod
447 4338 519 4413 post
542 4351 668 4393 cessum
692 4327 744 4393 vel
767 4327 940 4392 decessum
964 4326 1041 4391 dicti
1056 4326 1243 4412 Wolfgangi
1266 4327 1403 4392 ecclesia
1431 4330 1532 4393 sancti

340 4433 405 4496 Viti
439 4442 471 4497 et
505 4431 630 4498 decime
664 4431 846 4498 huiusmodi
884 4435 916 4496 in
954 4441 1072 4496 statum
1109 4434 1280 4516 pristinum
1317 4443 1531 4498 revertantur.

338 4656 418 4714 1897.
439 4670 452 4694 ⁸
470 4661 631 4711 Theilweise
649 4659 697 4711 aut
713 4661 805 4712 Resur.

444 4765 451 4798 ¹
471 4781 510 4818 nr.
533 4767 606 4815 1002.
