3250 5500
1264 479 1285 543 9

10 619 12 712 T
98 670 245 736 Micbaale
261 669 302 734 de
319 670 474 754 Ranaw,²
496 670 641 736 Iohanne
657 669 855 757 Veyrtager,
869 671 995 736 Thema
1008 669 1284 757 Hocbenperrger

10 865 12 892 3
98 785 125 894 et
143 774 360 895 compluribus
382 775 452 840 aliis
475 774 648 860 fidedignis
671 776 807 840 testibus
830 775 874 841 ad
895 779 1055 863 premissa
1080 778 1203 842 vocatis
1231 797 1286 862 pa·

98 889 166 944 ntor
185 903 227 944 ac
249 889 379 965 rogatis.

194 1051 313 1141 (SN.)¹
356 1053 400 1119 Et
423 1075 483 1140 ego
505 1053 658 1120 Nicolaus
681 1055 838 1140 Stephani
861 1054 903 1120 de
927 1055 1118 1143 Greysaw,⁸
1150 1055 1285 1122 clericus

10 1203 12 1250 3
102 1156 376 1222 Wratislawiensis
399 1157 559 1246 dyocesis,
582 1158 730 1246 publicus
753 1160 912 1246 imperiali
927 1164 1116 1226 auctoritate
1131 1162 1285 1242 notarius,

10 1261 11 1288 ³
100 1283 157 1346 qua
180 1262 329 1348 predicte
352 1261 561 1349 obligacionis
583 1274 619 1329 ut
642 1262 758 1328 dicitur
780 1267 964 1330 contraius
987 1267 1126 1352 scriptae
1149 1274 1182 1331 et
1205 1264 1286 1330 diffi-

99 1369 224 1432 nicionis
256 1370 359 1433 sancti
389 1367 558 1434 Benedicti
589 1377 622 1434 et
650 1369 785 1434 aliorum
819 1378 1005 1436 sanctorum
1037 1381 1168 1458 patrum
1199 1371 1286 1437 facte

10 1489 12 1552 ζ
97 1475 293 1537 revocacioni
320 1473 513 1540 anullaoioni
540 1475 714 1539 irnteoioni
741 1483 773 1538 et
796 1477 974 1540 cassacioni
998 1478 1114 1540 ceteris
1137 1475 1286 1541 omnibus

98 1586 125 1640 ot
152 1577 296 1662 singulis,
329 1577 407 1644 dum
437 1581 483 1644 sic
513 1587 549 1644 ut
578 1578 724 1665 profatur
746 1579 863 1644 fierent
884 1588 917 1644 et
939 1589 1124 1666 agerentur,
1146 1603 1288 1646 unacum

10 1667 12 1780 ἰ
96 1683 319 1764 prenominatis
342 1682 477 1747 testibus
499 1684 638 1768 interfui,
663 1706 712 1764 ea,
735 1705 798 1770 que
823 1686 870 1750 sic
890 1683 1010 1769 audivi,
1033 1686 1067 1748 in
1082 1684 1169 1750 hanc
1183 1684 1290 1771 publi-

10 1795 12 1886 ᾗ
98 1807 162 1850 cam
190 1787 332 1852 formam
358 1789 489 1874 propria
515 1809 613 1852 manu
636 1787 808 1853 scribendo
832 1788 956 1875 redegi,
987 1789 1116 1874 signum
1138 1811 1213 1854 cum
1235 1810 1289 1854 no·

10 1893 12 1904 ’
98 1892 175 1955 mine
203 1913 278 1955 meo
306 1891 397 1956 solito
420 1894 555 1978 apposui
578 1901 709 1976 rogatus
733 1901 766 1958 et
787 1895 962 1980 requisitus
983 1892 1070 1958 infra
1091 1896 1233 1960 omnium
1256 1903 1289 1958 et

98 1995 293 2082 singulorum
314 1999 555 2083 premissorum.

10 2189 11 2234 ³
135 2224 217 2294 908.
856 2232 938 2291 nor
955 2231 1244 2300 osa-serram.

10 2437 12 2502 3
94 2397 190 2482 Popst
220 2399 366 2482 Bonisoc
385 2399 452 2465 IX.
476 2400 600 2466 atteia
626 2400 696 2465 dem
722 2399 821 2482 Stitte
850 2399 1005 2484 Gdttweip
1031 2400 1084 2466 die
1111 2399 1290 2466 Exemtioo.

194 2575 282 2642 Cupio
300 2577 329 2626 in
348 2575 445 2627 codo
463 2577 481 2628 f.
494 2577 552 2628 820.

196 2697 261 2765 vgl.
281 2714 321 2751 nr.
343 2699 415 2749 1³82.

197 2856 380 2923 Bonifatius
403 2858 583 2943 episcopus,
614 2878 728 2923 servus
750 2878 919 2923 servorum
941 2855 1004 2943 dei,
1035 2856 1077 2922 ad
1100 2867 1290 2944 perpetuam

96 2962 139 3025 roi
168 2963 369 3027 memoriam.
415 2961 547 3027 Sincere
578 2960 762 3027 devocionis
790 2963 939 3046 affectus,
970 2984 1067 3048 quem
1098 2961 1206 3027 dilecti
1232 2962 1290 3028 filii

96 3064 196 3130 abbas
228 3064 390 3130 Iohannes
420 3074 453 3130 et
483 3075 659 3131 conventus
693 3068 878 3131 monasterii
908 3066 1134 3133 Gottwiconsis
1167 3066 1289 3132 ordinis

95 3174 197 3235 sancti
212 3170 385 3237 Benedicti
399 3172 600 3237 Pataviensis
625 3171 759 3237 diocesis
781 3171 825 3238 ad
848 3194 905 3238 nos
928 3182 961 3236 et
974 3172 1155 3238 Romanam
1173 3182 1291 3257 genmt

97 3274 279 3360 ecclesiam,
303 3284 514 3363 promeretur,
536 3285 572 3341 ut
593 3276 646 3341 illa
668 3278 745 3361 ipsis
767 3276 879 3341 favore
899 3276 1048 3341 benivolo
1063 3276 1289 3363 concedamus,

95 3400 151 3463 per
175 3403 242 3467 que
264 3382 408 3466 ipsorum
431 3390 463 3445 et
484 3380 561 3446 dicti
584 3382 768 3447 monasterii
791 3383 889 3467 quieti
913 3389 945 3446 et
965 3381 1186 3468 tranquillitati
1208 3381 1289 3446 salu-

95 3484 196 3551 briter
227 3484 423 3551 consulatur.
469 3484 554 3551 Hinc
585 3495 642 3569 est,
677 3484 764 3572 quod
795 3507 853 3551 nos
887 3484 1064 3551 eorundem
1097 3486 1225 3551 abbatis
1258 3496 1292 3551 et

95 3598 276 3655 conventus
298 3590 333 3653 in
355 3590 417 3654 hac
440 3600 531 3675 parte
554 3588 846 3675 supplicacionibus
868 3589 1011 3655 inclinati
1033 3600 1066 3654 et
1080 3592 1176 3655 certis
1191 3592 1291 3656 racio

94 3694 260 3759 rabilibus
290 3696 396 3759 causis
425 3703 568 3759 nostrum
598 3692 641 3759 ad
671 3693 705 3759 id
728 3696 872 3760 animum
892 3693 1120 3759 inducentibus
1142 3696 1228 3781 ipsos
1251 3716 1291 3759 ao

96 3801 259 3885 prefatum
288 3820 399 3892 eorum
426 3800 656 3865 monasterium
679 3801 844 3886 ipsiusque
866 3801 1051 3865 monasterii
1072 3799 1227 3865 membra·
1241 3822 1293 3864 ec·

96 3902 212 3970 clasiae
237 3903 379 3991 capellas
401 3927 441 3969 ao
463 3905 535 3969 loca
558 3926 632 3970 oum
654 3906 799 3991 personis
823 3903 1015 3990 degentibus
1034 3906 1069 3969 in
1084 3903 1207 3970 eisdem
1222 3926 1292 3990 pro

96 4010 246 4075 sentibus
277 4021 309 4074 et
337 4010 452 4075 futmis
475 4032 515 4075 ac
537 4010 754 4096 possessiones
777 4020 810 4074 et
831 4008 903 4074 loca
924 4008 969 4073 ad
990 4007 1142 4075 abbatem
1164 4019 1196 4073 et
1218 4031 1292 4075 oon·

95 4125 232 4179 ventum
261 4136 302 4179 ao
331 4114 478 4179 membra
506 4114 659 4180 ecclosias
683 4123 715 4179 ot
737 4113 879 4200 capellas
901 4136 941 4179 ao
963 4113 1034 4179 loca
1055 4112 1238 4178 huiusmodi
1260 4122 1293 4178 et

96 4219 138 4283 ad
160 4240 277 4283 eorum
298 4218 549 4285 iurisdictionem
571 4218 725 4304 legittime
747 4221 942 4305 pertinentia
968 4240 1043 4284 curn
1072 4218 1219 4284 omnibus
1248 4220 1294 4284 iu-

95 4323 186 4389 ribus
219 4334 252 4389 et
280 4325 485 4410 pertinenciis
516 4326 592 4409 suis,
627 4346 690 4410 que
718 4326 752 4388 in
785 4325 1028 4410 presenciarum
1059 4322 1224 4409 possident
1261 4332 1294 4387 et

97 4429 128 4493 in
151 4428 302 4495 futurum
326 4438 520 4515 procurante
545 4428 673 4495 domino
695 4430 786 4494 iustis
801 4428 900 4494 titulis
915 4438 1066 4516 poterunt
1080 4426 1224 4514 adipisci,
1247 4426 1290 4492 ab

97 4652 161 4712 901.
202 4666 217 4691 ·
234 4658 322 4709 Untor
340 4656 401 4709 dem
418 4656 677 4709 Notariatsneichen:
697 4656 868 4724 Abieraprom
884 4674 905 4708 a.

202 4776 215 4809 ’
232 4778 338 4841 Banna
356 4778 389 4829 V.
402 4778 433 4829 0.
447 4778 482 4833 Μ.
496 4778 527 4829 Β.
547 4806 579 4817 -
597 4776 609 4809 ⁸
627 4779 750 4842 Greisau,
767 4779 862 4833 schles.
877 4779 909 4828 K.
921 4778 1025 4829 Naisso.
