3250 5500
1268 500 1332 564 441

142 692 367 759 nichilominus
397 693 576 759 venerabili
606 694 696 759 fratri
728 703 836 758 nostro
866 696 1016 779 episcopo
1039 692 1212 779 Spoletano
1235 702 1267 757 ot
1289 692 1333 758 di-

140 799 232 863 lectis
263 799 336 863 filiis
366 797 477 864 abbati
507 800 690 863 monasterii
720 798 905 863 Melicensis
934 821 974 862 ac
1003 800 1164 885 preposito
1199 797 1334 863 ecclesie

140 905 244 968 saneti
266 903 421 989 Stephani
444 904 629 969 Wienensis
660 903 745 967 dicte
776 902 913 968 diocesis
936 905 1039 968 eciam
1061 902 1122 967 sub
1145 900 1334 968 obediencie

141 1030 228 1095 pena
248 1029 308 1093 per
330 1006 503 1094 apostolica
525 1010 645 1095 scripta
665 1010 889 1073 committimus
905 1006 1153 1092 emundamus,
1176 1017 1334 1094 quatenus

141 1114 202 1199 ipsi
224 1112 277 1178 vol
300 1111 381 1177 alter
402 1134 513 1177 eorum
527 1112 648 1177 litteras
665 1113 883 1197 exempcionis
898 1110 1079 1177 huiusmodi
1095 1134 1134 1176 ac
1151 1112 1257 1176 omnia
1272 1111 1335 1176 alia

142 1226 175 1281 et
197 1214 325 1301 singula
347 1218 379 1281 in
404 1218 449 1281 eis
473 1224 632 1301 contenta,
656 1218 808 1303 quociens
830 1238 928 1303 super
949 1215 1011 1280 hoc
1026 1237 1084 1302 pro
1100 1226 1192 1301 parte
1207 1214 1335 1279 abbatis

142 1330 175 1385 et
206 1329 383 1386 conventus
412 1320 631 1406 predictorum
663 1320 782 1386 fireriut
814 1322 969 1408 requisiti,
1004 1321 1193 1385 execueioni
1226 1318 1334 1383 debite

144 1424 344 1491 demandent
365 1448 405 1491 ac
427 1426 549 1491 faciant
571 1428 759 1491 auctoritate
782 1425 956 1512 apostolica
977 1420 1203 1490 inviolabiliter
1229 1423 1335 1489 obser-

140 1532 213 1595 vari
236 1551 298 1595 nec
320 1532 507 1616 permittant
529 1528 681 1595 abbatem
704 1539 736 1596 et
752 1539 947 1596 conventum
961 1528 1124 1615 predictos
1139 1550 1199 1615 per
1213 1528 1335 1614 legatos

142 1637 297 1700 nunccios
319 1634 577 1722 archiepiscopos
600 1636 767 1721 episcopos
790 1646 823 1700 et
844 1637 1013 1720 presertim
1036 1636 1222 1721 episcopum
1241 1634 1334 1698 Pata·

142 1742 289 1804 viensem
317 1760 376 1825 pro
406 1749 550 1825 tempore
582 1742 772 1805 existentem
799 1760 839 1803 ac
861 1737 984 1805 indices
1007 1747 1040 1803 et
1062 1740 1243 1825 superiores
1265 1759 1333 1823 pre·

142 1842 247 1908 dictos
277 1852 333 1909 aut
362 1844 495 1929 quovis¹
527 1840 606 1909 alios
636 1852 747 1908 contra
777 1853 922 1909 tenorem
951 1842 1129 1909 litterarum
1157 1842 1334 1907 earundem

143 1946 383 2034 quomodolibet
411 1947 572 2014 molestari
602 1948 853 2014 contradictores
882 1951 1073 2013 auctoritate
1095 1957 1205 2013 nostra
1227 1947 1334 2034 appel·

143 2052 268 2118 lacione
280 2054 454 2140 postposita
469 2052 704 2141 compescendo
719 2076 782 2118 non
798 2053 1008 2131 obstantibus,
1021 2056 1048 2117 si
1062 2054 1176 2138 legatis
1191 2054 1335 2117 nuncciis

144 2157 394 2245 archiepiscopis
410 2162 568 2246 episcopis
585 2168 616 2224 et
635 2161 804 2244 presertim
820 2161 970 2245 episcopo
985 2160 1170 2224 Pataviensi
1184 2180 1243 2245 pro
1258 2166 1334 2223 tem-

144 2284 222 2349 pore
238 2265 442 2328 existentiae
465 2260 624 2327 iudicibus
647 2272 679 2328 et
700 2262 918 2349 superioribus
940 2262 1073 2349 prefatis
1096 2261 1149 2326 vel
1169 2260 1335 2349 quibusvis

145 2367 216 2433 aliis
237 2368 447 2433 communiter
462 2366 514 2432 vel
530 2366 656 2432 divisim
671 2390 691 2433 a
708 2366 793 2433 dicta
809 2368 850 2432 sit
863 2366 941 2432 sede
956 2366 1124 2451 indultum,
1141 2366 1227 2453 quod
1242 2369 1336 2432 inter-

144 2472 209 2537 dici
240 2472 394 2559 suspendi
424 2472 477 2537 vel
507 2474 779 2538 excommunicari
807 2495 871 2538 non
893 2476 1016 2559 possint
1037 2494 1096 2559 per
1117 2474 1240 2537 litteras
1262 2493 1336 2558 apo

144 2577 272 2643 stolicas
304 2598 369 2643 non
399 2576 555 2643 faciontes
584 2576 714 2664 plenam
744 2586 777 2642 et
806 2598 995 2664 expressam
1024 2600 1065 2643 ac
1094 2576 1136 2642 de
1165 2576 1266 2642 verbo
1293 2576 1336 2639 ad

143 2680 282 2747 verbum
302 2680 344 2746 de
358 2680 482 2747 indulto
497 2681 679 2747 huiusmodi
695 2683 899 2747 mentionem.
926 2681 1014 2747 Nulli
1029 2704 1106 2769 ergo
1122 2690 1182 2746 etc.
1214 2682 1335 2747 Datum

145 2789 248 2854 Rome
271 2787 359 2873 apud
375 2787 531 2854 Sanctum
545 2789 678 2854 Petrum
700 2810 785 2853 anno
807 2789 1042 2852 incarnacionis
1066 2786 1224 2852 dominice
1240 2785 1336 2852 mille·

145 2895 225 2958 simo
252 2892 567 2978 quadringentesimo
594 2895 859 2980 quinquagesimo
885 2891 1038 2975 secundo,
1065 2914 1149 2956 nono
1179 2891 1337 2957 kalendas

144 2997 231 3082 maii,
254 2997 457 3083 pontificatus
480 2999 579 3062 nostri
602 3021 686 3062 anno
709 3005 811 3062 sexto.

189 3244 287 3313 1383.
949 3249 1032 3307 1452
1046 3250 1128 3324 April
1144 3250 1195 3316 23,
1212 3251 1293 3308 Rom.

249 3435 353 3519 Popst
374 3436 528 3502 Nicotaus
544 3436 579 3502 V.
600 3436 782 3518 beuoftrcpt
804 3437 866 3501 deu
879 3435 1021 3521 [Fabius
1036 3435 1181 3522 Vipili]‚¹
1205 3435 1343 3518 Biscbos

144 3563 206 3608 oon
233 3541 368 3624 Spolstq
399 3543 460 3606 den
481 3541 547 3606 Abs
575 3540 739 3626 [Stephon
768 3561 829 3606 ooo
858 3541 1065 3628 Sponderpst
1091 3562 1132 3605 aa
1161 3541 1249 3607 Mello
1270 3543 1338 3606 aad

144 3647 207 3712 dea
235 3645 353 3728 Propst
382 3667 442 3711 coc
471 3645 519 3711 st.
542 3645 686 3728 Stephon
716 3647 751 3710 in
774 3645 875 3726 Wien‚
898 3647 951 3712 die
972 3647 1041 3712 dem
1064 3645 1163 3728 scisse
1185 3646 1338 3729 Gdttwes'p

143 3753 204 3832 aas
226 3750 339 3816 Bittea
361 3751 482 3816 Kaiser
503 3751 700 3816 Friedricb's
714 3749 822 3838 [Ill]
844 3750 1016 3816 verlicbeue
1029 3749 1201 3816 Esemtiou
1222 3752 1337 3817 dusc-

143 3855 313 3938 sust'tbrca.
358 3854 543 3941 Apostolice
567 3854 662 3920 sedis

249 4048 314 4116 Reg.
329 4051 379 4099 401
398 4048 416 4099 l.
430 4045 492 4100 230'
510 4050 546 4099 im
559 4049 645 4100 Vatic.
659 4049 738 4100 Arch.
752 4066 784 4100 su
803 4049 879 4100 Rom.
909 4049 968 4100 Lat

250 4188 353 4240 Bltttter
364 4191 382 4240 f.
395 4189 529 4242 Laudeslr.
543 4207 567 4240 v.
579 4191 671 4242 N.·0e.
684 4191 769 4253 XXV,
785 4193 833 4242 136
845 4191 911 4256 Bag.
923 4213 953 4236 =
964 4191 1081 4253 Quellen
1094 4209 1115 4242 a.
1130 4191 1226 4245 Gesoh.
1237 4193 1338 4242 Wien’s

147 4281 171 4339 1,
189 4277 211 4340 l,
229 4279 264 4327 30
281 4293 322 4329 nr.
336 4278 386 4327 160
398 4277 464 4344 Rag.

144 4521 229 4577 13⁸2.
251 4525 263 4558 ¹
279 4524 350 4575 Statt
367 4525 475 4589 muscia

139 4644 223 4701 1383.
246 4645 256 4678 ²
275 4647 365 4712 Gamo,
384 4647 472 4700 Series
489 4663 541 4715 ep,
559 4647 584 4699 S.
601 4649 658 4700 128.
682 4675 713 4686 -
733 4645 745 4678 ²
762 4647 931 4714 Ksiblingsr,
950 4647 1025 4700 Melk
1044 4649 1066 4712 1,
1087 4649 1147 4698 171.
