3250 5500
457 690 539 758 Orig,
557 689 634 755 Perg.
664 687 799 740 Bleibulls
817 705 854 740 an
872 689 947 740 einer
964 685 1147 738 Hanfschnur.

458 812 490 862 In
512 811 560 863 der
580 810 690 862 rechten
713 810 853 862 Obereolre
875 810 921 860 der
943 809 1080 860 'l'extseite
1103 809 1138 858 ist
1159 807 1308 859 vermerlxt=
1331 805 1369 870 B;
1397 805 1486 857 reclrts
1503 805 1549 855 auf

272 970 274 974 .
355 900 415 951 dem
433 899 509 965 Buge
526 914 580 949 von
598 896 645 948 der
663 898 698 948 H.
711 897 757 948 des
774 897 1024 950 Urlr.·Schreibers:
1043 895 1272 975 liesmipteqrata's
1290 894 1326 944 lo.
1343 892 1458 957 Omnes,
1477 892 1545 943 linlrs

355 1054 511 1107 eneruem
530 1055 605 1120 suge
625 1054 672 1104 ner
688 1054 776 1106 noes
789 1054 1028 1106 semermos:
1048 1017 1087 1139 Ξ
1122 1052 1178 1102 sur
1197 1051 1245 1102 rer
1267 1051 1412 1102 nocuere
1435 1049 1483 1100 ner
1500 1049 1548 1100 se-

356 1158 615 1226 gistraturvermerlr.
635 1185 668 1195 -
686 1157 733 1209 Ala
746 1157 924 1209 Vornrlmnde
941 1156 1033 1208 diente
1051 1173 1089 1209 nr.
1105 1157 1165 1207 918.

461 1317 640 1383 Bonifatius
670 1316 851 1403 episcopus,
885 1334 999 1378 servus
1028 1333 1196 1378 servorum
1228 1310 1291 1396 dei,
1323 1309 1449 1376 dilectis
1479 1309 1549 1375 filiis

357 1424 528 1488 conventui
545 1429 709 1486 monasterii
724 1429 806 1484 beate
822 1427 912 1482 Maris
926 1427 958 1480 in
973 1425 1113 1496 Gotwico,
1129 1426 1258 1481 Romane
1269 1424 1387 1480 ecclesie
1398 1423 1551 1478 inmediate

357 1535 487 1606 subiecti,
512 1535 619 1592 ordinis
639 1535 731 1592 sancti
747 1531 896 1588 Benedicti
916 1530 1098 1587 Pataviensis
1118 1531 1239 1586 diocesis
1259 1529 1380 1585 salutem
1395 1535 1425 1584 et
1439 1533 1548 1600 aposte

357 1641 443 1696 licam
458 1641 695 1697 benedictionem.
726 1639 806 1694 Inter
821 1637 1018 1692 solicitudines
1033 1641 1087 1691 etc.
1119 1635 1237 1690 Dudum
1252 1635 1392 1706 siquidem
1407 1633 1551 1705 quondam

358 1745 487 1801 Iohanne
502 1745 609 1802 abbate
625 1743 788 1800 monasterii
811 1735 911 1798 vestri
933 1740 1066 1814 regimini
1077 1741 1203 1796 eiusdem
1216 1739 1381 1795 monasterii
1391 1738 1552 1810 presidente

358 1867 411 1904 uos
430 1851 578 1921 cupientes
598 1849 689 1905 eidem
709 1847 891 1914 monasterio,
913 1864 978 1902 cum
998 1851 1114 1903 vacaret
1132 1861 1183 1918 per
1198 1845 1353 1917 apostolice
1367 1845 1444 1900 sedis
1461 1842 1552 1916 provi·

359 1954 498 2024 deuciam,
516 1954 615 2009 utilem
630 1958 660 2008 et
673 1953 816 2024 ydoneam
832 1951 977 2022 presidere
987 1966 1139 2022 personam
1151 1949 1344 2021 provisionem
1355 1948 1447 2021 ipsius
1459 1964 1552 2004 mona·

359 2059 438 2114 sterii
458 2057 632 2113 ordinationi
652 2063 681 2112 et
700 2055 883 2128 dispositioni
903 2061 1000 2111 nostre
1019 2056 1150 2110 duximus
1174 2046 1192 2086 *
1216 2047 1370 2112 canonice
1392 2053 1553 2126 specialiter

360 2163 560 2218 reservandam
580 2163 765 2218 decernentes
785 2167 888 2216 extunc
908 2160 1020 2216 irritum
1035 2163 1065 2216 et
1078 2161 1176 2232 inane,
1197 2161 1221 2216 si
1236 2178 1318 2216 secus
1333 2159 1492 2231 superbiis
1505 2175 1554 2230 per

361 2285 546 2340 quoscunque
561 2266 664 2338 quavis
678 2265 850 2322 auctoritate
865 2265 988 2321 scienter
1007 2265 1053 2322 vel
1072 2265 1240 2338 ignoranter
1258 2265 1438 2337 contingeret
1459 2269 1554 2320 attem·

360 2372 446 2444 ptari.
464 2370 652 2427 ‘Postmodum
668 2387 735 2428 vero
752 2370 829 2424 dicto
848 2369 1020 2425 monasterio
1036 2386 1087 2440 per
1105 2370 1197 2442 ipsius
1210 2370 1350 2425 Iohannis
1364 2368 1482 2425 abbatis
1496 2367 1554 2424 obi·

361 2480 431 2546 tum,
447 2474 497 2546 qui
512 2480 591 2529 extra
605 2475 765 2530 Rumonem
780 2473 890 2528 curiam
904 2473 979 2529 diem
994 2473 1099 2529 clausit
1112 2479 1275 2545 musarum,
1292 2473 1407 2530 abbatis
1418 2473 1555 2546 regimim

360 2578 497 2634 destituto
519 2590 578 2635 nos
600 2569 802 2635 'reservationis
818 2584 847 2634 et
862 2578 968 2634 decreti
983 2578 1174 2649 predictorum
1184 2577 1282 2633 forsan
1294 2578 1388 2651 ignari
1404 2566 1554 2634 ddectum

361 2673 462 2738 filium
488 2673 621 2738 Petrum
648 2673 811 2759 abbatem,
842 2681 1013 2738 monachum
1039 2683 1116 2739 tune
1144 2683 1270 2738 eiusdem
1291 2681 1457 2737 monasterii
1484 2679 1554 2737 ordi·

361 2805 426 2843 nem
448 2787 542 2859 ipsum
561 2804 691 2859 expresse
706 2786 869 2865 professum
884 2793 914 2843 et
928 2788 959 2843 in
973 2788 1133 2843 sacerdotio
1147 2787 1335 2843 comtitutum
1357 2781 1390 2843 in
1412 2787 1554 2844 vestrum

359 2897 389 2947 et
407 2891 477 2947 dicti
497 2890 661 2947 monasterii
682 2891 826 2963 abbatem,
842 2892 910 2948 licet
924 2893 960 2948 de
974 2892 1052 2948 facto
1068 2891 1247 2949 concorditer
1263 2883 1402 2968 elegistis
1418 2884 1552 2968 ipseque

360 2989 477 3054 Petrus
500 2987 603 3053 abbas
626 2996 830 3055 reservationis
846 3002 876 3051 et
892 2997 998 3052 decreti
1012 2997 1204 3068 predictorum
1218 2996 1349 3053 similiter
1362 2996 1472 3051 inscius
1487 2994 1554 3050 elec·

361 3100 438 3157 sioni
457 3100 619 3156 huiusmodi
639 3100 717 3155 illius
745 3092 806 3157 eibi
834 3106 1015 3173 praesentato
1035 3102 1149 3157 decreto
1169 3101 1205 3155 de
1227 3100 1305 3157 facto
1328 3100 1459 3156 similiter
1485 3110 1554 3155 eou-

362 3198 463 3261 seneit
490 3221 524 3259 ac
545 3202 708 3259 huiusmodi
731 3203 883 3259 eleccionis
905 3204 1053 3277 negotium
1074 3205 1198 3276 proponi
1227 3195 1306 3261 feeit
1334 3204 1365 3258 in
1388 3202 1554 3259 consistorio

363 3327 459 3365 coram
478 3308 570 3364 nobis.
602 3307 662 3364 Nos
681 3306 770 3381 igitur
785 3308 957 3365 eleccionem
971 3308 1132 3365 huiusmodi
1148 3314 1179 3364 et
1192 3326 1361 3381 quecunque
1375 3307 1444 3363 inde
1460 3310 1556 3363 secuta

364 3418 463 3485 utpote
478 3418 543 3485 post
558 3416 587 3467 et
602 3417 703 3467 contre
717 3412 940 3469 reservationem
955 3417 985 3467 et
999 3414 1143 3467 decretum
1158 3414 1288 3485 predicte
1302 3411 1430 3467 defecto
1444 3418 1479 3467 ut
1496 3427 1555 3483 pre

364 3518 487 3573 mittitur
502 3522 672 3589 attemptata
687 3517 768 3573 irrita
782 3523 869 3589 prout
883 3524 967 3573 erant
981 3524 1010 3573 et
1023 3518 1124 3573 inania
1138 3525 1305 3591 reputantes
1320 3526 1350 3574 et
1364 3519 1401 3573 ad
1421 3516 1556 3590 provisio-

363 3640 428 3677 nem
448 3621 574 3677 eiusdem
594 3623 759 3679 monasterii
779 3622 900 3678 celerem
920 3629 949 3679 et
962 3622 1084 3695 felicem,
1100 3623 1136 3678 de
1150 3640 1209 3694 qua
1223 3624 1319 3679 nullus
1334 3629 1430 3695 preter
1444 3640 1498 3678 nos
1520 3633 1556 3676 ee

364 3726 426 3783 vice
446 3725 598 3797 disponere
624 3727 774 3803 potuerat
801 3720 870 3783 sive
893 3728 1020 3806 poterat
1040 3727 1234 3784 reservatione
1247 3733 1277 3783 et
1292 3728 1405 3783 decreto
1420 3727 1556 3782 obsisten-

365 3823 443 3885 tibus
463 3830 645 3903 supradictis,
667 3848 703 3887 ue
722 3831 808 3905 louge
827 3832 991 3890 vacacionis
1010 3836 1197 3904 exponeretur
1215 3832 1410 3901 incommodis,
1431 3830 1557 3903 paternis

307 4006 312 4015 ,
368 3940 397 3989 et
412 3934 531 3989 solicitis
551 3934 654 3991 studiis
673 3935 855 3992 intendentes
874 3942 940 4007 post
960 3935 1203 4006 deliberationem,
1223 3952 1310 4007 quam
1331 3936 1367 3991 de
1386 3934 1556 4009 preficiendo

367 4039 458 4093 eidem
479 4038 650 4095 monasterio
669 4056 820 4111 personum
839 4034 939 4095 utilem
954 4044 984 4095 et
997 4041 1139 4113 ydoneam
1154 4040 1289 4096 ucetiam
1304 4039 1480 4095 fructuosam
1495 4056 1557 4094 cum

365 4142 503 4199 fratribus
523 4144 627 4200 nostris
646 4143 800 4201 habuimus
821 4144 996 4218 diligentem,
1017 4145 1131 4201 demum
1146 4146 1183 4200 ad
1207 4135 1328 4202 dietum
1351 4137 1484 4202 Petrum
1506 4133 1557 4201 ab

367 4237 486 4323 batem,
515 4247 561 4303 cui
582 4249 617 4304 de
636 4248 783 4322 religionis
798 4250 860 4305 zelo
875 4249 1034 4305 litterarum
1048 4248 1169 4305 scientia
1183 4250 1242 4306 vite
1256 4250 1398 4305 munditie
1413 4249 1558 4305 honestate

366 4368 476 4407 morum
496 4352 688 4424 spiritualium
707 4352 891 4426 providentie
910 4358 940 4408 et
959 4354 1157 4424 temporalium
1177 4354 1432 4426 circumspectione
1447 4370 1482 4408 ac
1495 4350 1557 4407 aliis

365 4449 503 4513 virtutum
524 4458 616 4529 donis,
641 4458 747 4530 quibus
766 4475 919 4530 personam
946 4448 1023 4513 dicti
1049 4449 1139 4515 Petri
1165 4449 1293 4515 abbatis
1320 4476 1417 4514 earum
1441 4458 1558 4530 largitor

366 4560 497 4617 dominus
517 4562 678 4636 insignivit,
699 4564 777 4635 apud
799 4581 852 4619 nos
870 4562 928 4618 lide
946 4562 1036 4636 digua
1057 4563 1221 4619 testimonia
1243 4564 1437 4636 perhibentur,
1461 4562 1557 4619 direxi·

365 4684 427 4720 mus
454 4666 550 4723 oeulos
576 4674 672 4724 nostre
698 4668 811 4739 mentis,
840 4668 945 4739 quibus
971 4667 1105 4723 omnibus
1130 4686 1243 4724 necnon
1273 4663 1373 4725 vestri
1402 4672 1556 4727 conventus

365 4762 471 4849 ipsum
501 4772 667 4844 eligentium
690 4772 823 4828 concordi
846 4772 995 4829 voluntate
1017 4779 1129 4829 attenta
1155 4772 1341 4830 meditatione
1368 4776 1495 4845 pensatis
1521 4773 1554 4828 de
