3250 5500
319 465 384 530 330

317 657 423 742 igitur,
448 667 483 721 ut
506 660 734 723 monasterium
756 657 853 723 beate
877 658 980 723 Marie
1003 662 1137 743 virginis
1165 662 1199 724 in
1222 659 1370 725 Gotwico
1393 657 1519 722 ordinis

318 763 421 826 sancti
436 761 605 826 Benedicti
621 762 822 828 Pataviensis
839 763 976 828 diocesis
999 763 1084 848 quod
1101 765 1163 829 sub
1177 765 1298 829 honore
1314 773 1347 829 et
1361 762 1520 829 vocabuls

317 865 415 950 ipsius
431 867 568 952 gloriose
584 869 717 952 virginis
734 865 920 934 dedicatum
943 877 996 932 et*
1018 871 1051 932 in
1067 868 1341 934 montealtissimo
1364 871 1518 932 situatum

318 973 426 1034 existit
448 982 480 1035 et
503 974 594 1035 errius
616 982 776 1036 structure
801 970 940 1055 edificia,
963 996 1027 1058 que
1050 975 1175 1036 ruinam
1207 975 1379 1056 minantur,
1406 995 1518 1037 neces·

317 1077 401 1138 saria
423 1075 569 1159 indigent
591 1076 827 1159 reformatione,
852 1079 1002 1161 congruis
1019 1077 1194 1142 honoribus
1216 1077 1462 1164 frequententur
1485 1089 1519 1140 et

318 1189 353 1244 ut
374 1178 492 1246 Christi
515 1181 628 1246 fideles
651 1204 689 1246 eo
712 1182 863 1246 libentius
888 1182 1053 1246 confluant
1074 1181 1117 1245 ad
1146 1179 1225 1246 illud
1248 1191 1281 1246 et
1302 1181 1345 1247 ad
1372 1184 1515 1268 ipsorum

318 1283 518 1350 edificiorum
541 1288 777 1371 reparationem
801 1297 834 1350 et
862 1307 991 1351 suorum
1015 1289 1153 1351 vestium
1180 1285 1334 1351 librorum
1358 1297 1391 1351 et
1413 1308 1518 1350 sacro

318 1411 390 1454 rum
415 1411 566 1454 vasorum
597 1393 790 1476 emptionem
824 1401 857 1454 et
886 1391 1064 1456 eorundem
1095 1393 1372 1456 conservationem
1400 1411 1518 1455 manus

316 1496 493 1579 promptius
516 1496 682 1579 porrigant
704 1493 888 1576 adiutrices,
912 1516 976 1580 quo
999 1517 1044 1560 ex
1058 1494 1119 1560 hoc
1142 1494 1265 1560 ibidem
1281 1494 1365 1560 dono
1387 1494 1517 1560 celestis

317 1600 419 1682 gratie
453 1598 584 1662 uberius
619 1601 849 1685 conspexerint
882 1621 917 1664 se
951 1599 1097 1685 refectos,
1133 1599 1174 1664 de
1207 1601 1433 1684 omnipotentis
1464 1598 1517 1664 dei

317 1702 535 1768 misericordia
570 1713 602 1768 et
631 1703 799 1768 beatorum
830 1703 920 1768 Petri
950 1713 983 1768 et
1011 1703 1104 1769 Pauli
1136 1703 1352 1789 apostolorum
1382 1706 1453 1768 eius
1483 1715 1518 1768 et

316 1807 505 1874 universalis
529 1808 665 1874 ecclesie
688 1808 934 1873 auctoritatibus
962 1809 1074 1872 confisi
1098 1809 1246 1874 omnibus
1267 1831 1346 1873 vere
1372 1811 1516 1893 peniten-

316 1911 402 1976 tibus
436 1923 468 1977 et
502 1913 666 1996 confessis,
698 1913 752 1998 qui
783 1915 817 1976 in
851 1913 1026 1977 nativitatis
1060 1914 1309 1977 circumcisionis
1343 1911 1516 1998 epiphanie

316 2018 557 2082 resurrectionis
581 2019 776 2082 ascensionis
799 2016 1026 2102 penthecostes
1049 2027 1082 2080 et
1104 2019 1246 2102 corporis
1269 2016 1388 2082 domini
1413 2020 1516 2082 nostri

318 2121 391 2186 Iesu
414 2121 532 2187 Christi
554 2143 680 2186 necnon
702 2124 734 2186 in
757 2124 932 2186 nativitatis
955 2124 1202 2186 annuntiationis
1229 2122 1459 2207 purificationis
1483 2136 1517 2185 et

316 2228 541 2311 assumptionis
565 2226 709 2290 eiusdem
737 2227 833 2291 beate
856 2227 959 2292 Maria
991 2228 1122 2310 virginis
1146 2238 1178 2290 et
1206 2228 1380 2291 nativitatis
1409 2228 1516 2291 sancti

316 2329 468 2395 Iohannis
490 2329 629 2417 baptiste
651 2354 691 2396 ac
714 2331 875 2397 dictorum
898 2330 1114 2416 apostolorum
1144 2331 1232 2395 Petri
1262 2341 1296 2394 et
1317 2330 1411 2394 Pauli
1440 2352 1516 2396 nec·

316 2457 379 2499 non
410 2436 545 2500 ecclesie
577 2434 722 2499 eiusdem
753 2437 939 2500 monasterii
969 2435 1182 2499 dedicationis
1213 2433 1441 2498 festivitatibus
1473 2455 1513 2498 ac

317 2538 503 2604 celebritate
533 2541 674 2604 omnium
707 2549 890 2604 sanctorum
920 2561 959 2603 ac
990 2540 1085 2603 etiam
1114 2560 1173 2623 per
1207 2547 1338 2601 octavas
1367 2541 1514 2623 ipsarum

315 2646 490 2708 nativitatis
520 2643 692 2730 epiphanie
722 2645 964 2707 resurrectionis
995 2644 1191 2707 ascensionis
1221 2645 1364 2728 corporis
1390 2641 1512 2707 domim

315 2772 442 2813 necnon
464 2751 638 2814 nativitatis
662 2751 763 2813 sancti
786 2747 939 2813 Iohannis
970 2747 1108 2833 baptiste
1132 2758 1164 2812 et
1185 2745 1400 2833 apostolorum
1423 2746 1512 2811 Petri

314 2862 347 2917 et
375 2854 467 2918 Pauli
497 2854 715 2940 predictorum
743 2854 954 2917 festivitatum
989 2863 1022 2917 et
1050 2875 1110 2917 sex
1142 2852 1210 2917 dies
1241 2852 1363 2916 dictum
1392 2852 1513 2917 festum

313 2958 538 3043 penthecostes
561 2959 745 3023 immediate
769 2968 942 3043 sequentes
964 2957 1125 3043 prefatum
1140 2960 1369 3022 monasterium
1393 2956 1512 3021 devote

313 3066 514 3129 visitaverint
536 3068 701 3129 annuatim
729 3074 762 3128 et
791 3085 849 3148 pro
872 3064 1073 3148 reparatione
1104 3064 1263 3147 emptione
1287 3071 1319 3125 et
1341 3082 1511 3126 conserva-

313 3171 399 3233 tione
426 3168 579 3255 predictis
609 3191 724 3235 manus
750 3169 955 3253 porrexerint
983 3165 1167 3250 adiutrices,
1195 3167 1327 3251 singuiis
1358 3165 1511 3232 videlicet

314 3273 555 3338 celebritatibus
591 3284 727 3360 quatuor
758 3296 859 3337 annos
894 3281 926 3337 et
958 3270 1174 3358 quadraginta
1207 3270 1287 3355 dies,
1321 3281 1511 3336 octavarum

312 3402 389 3443 vero
413 3381 555 3464 ipsarum
578 3402 617 3443 ac
634 3378 787 3465 predictis
810 3400 870 3441 sex
893 3376 1018 3462 diebus,
1042 3376 1160 3463 quibus
1175 3376 1336 3462 prefatum
1351 3387 1509 3441 monaste

313 3485 395 3548 rium
423 3486 625 3549 visitaverint
653 3504 833 3568 manusque
862 3505 920 3568 pro
950 3484 1153 3567 reparatione
1181 3482 1342 3565 emptione
1373 3490 1406 3544 et
1435 3503 1508 3544 cou-

311 3591 491 3652 servatione
515 3590 718 3674 porrexerint
740 3586 924 3668 adiutrices,
955 3595 991 3649 ut
1013 3585 1184 3671 prefertur,
1208 3595 1336 3649 centum
1365 3584 1434 3648 dies
1465 3585 1509 3649 de

311 3694 459 3757 iniunctis
483 3693 528 3756 eis
544 3694 731 3778 penitenciis
747 3686 994 3756 misericorditer
1015 3690 1200 3754 relaxamus
1216 3687 1420 3775 presentibus
1436 3699 1510 3774 post

312 3799 424 3882 viginti
446 3820 546 3861 annos
569 3797 700 3861 minime
724 3795 878 3861 valituris.
923 3796 1046 3859 Datum
1069 3792 1196 3858 Basilee
1223 3793 1300 3857 IIII.
1324 3792 1398 3859 idus
1427 3795 1507 3857 iunii

312 3924 396 3967 anuo
426 3924 446 3966 a
477 3904 644 3967 nativitate
677 3900 797 3965 domini
826 3899 994 3965 millesimo
1024 3897 1339 3984 quadringentesimo
1370 3897 1508 3983 quadra·

311 4028 442 4090 gesimo.

358 4234 456 4302 1257.
1141 4237 1225 4294 144⁰
1239 4236 1302 4293 tun
1317 4236 1347 4303 b,
1364 4236 1461 4294 Boset.

310 4424 381 4491 Dos
404 4424 521 4490 Basbr
538 4422 645 4490 conce
666 4425 848 4508 beoustmyt
870 4424 931 4489 den
946 4422 1085 4504 Bischof
1099 4422 1269 4487 Leonbord
1290 4442 1352 4486 oon
1367 4420 1506 4504 Pansae,

311 4532 363 4595 die
383 4530 474 4597 Bitte
496 4530 549 4595 des
571 4530 667 4595 Abtes
696 4550 751 4594 um
773 4529 960 4610 Erhabnb,
984 4529 1060 4593 dues
1088 4528 1142 4592 die
1163 4526 1424 4609 Psorrpaiseinde
1453 4527 1508 4591 die

312 4682 466 4690 Μ.
485 4682 513 4688 ..-

312 4755 397 4813 ttae.
422 4756 720 4823 ¹1¹¹otgtoineRstsur.
