3250 5500
1250 528 1290 593 51

97 726 246 803 tempora
269 717 448 782 tenuissent
469 740 508 781 ac
531 715 760 803 possedissent,
790 727 900 782 tamen
921 727 1026 784 tractu
1049 723 1201 806 temporis
1224 723 1294 808 ipsa

98 821 248 905 ecclesis,
274 825 366 886 sive·
388 832 519 908 propter
541 821 749 908 tyrannidem
772 823 977 908 quarundam
999 824 1192 890 secularium
1208 836 1292 912 pote-

97 935 218 991 statum
249 929 318 991 sive
349 926 427 991 alias
458 925 723 1014 qualitercunque
754 937 876 992 extunc
898 950 957 1013 per
979 928 1136 1014 quosdam
1159 929 1293 995 clericos

97 1032 264 1098 seculares
293 1041 448 1117 tanquam
478 1041 619 1098 rectores
650 1030 795 1096 eiusdem
823 1033 959 1096 ecclesie
983 1033 1100 1098 diutius
1122 1045 1213 1098 recta
1234 1035 1295 1098 fuit

97 1139 194 1201 etiam
226 1161 247 1201 a
270 1135 466 1221 temporibus
489 1137 602 1220 longis,
626 1135 667 1202 de
691 1136 807 1221 quibus
830 1136 939 1201 forsan
961 1141 1115 1202 memoria
1138 1160 1202 1203 non
1225 1141 1294 1202 exi-

95 1243 158 1324 stit,
183 1239 337 1327 quodque
360 1243 419 1326 ipsi
442 1239 545 1305 abbas
567 1251 600 1306 et
622 1250 799 1306 conventus
822 1241 958 1306 ecclesie
980 1244 1014 1306 in
1037 1241 1201 1307 Mauttarn
1216 1253 1294 1308 tunc

96 1368 156 1432 per
193 1344 378 1410 huiusmodi
417 1345 538 1410 obitum
572 1346 660 1411 Petri
694 1355 730 1410 ut
761 1348 955 1432 premittitur
988 1346 1134 1412 eiusdem
1168 1346 1294 1414 Urbani

96 1473 181 1537 pape
206 1450 256 1516 VI
282 1449 521 1536 predecessoris
544 1473 583 1515 ac
607 1453 789 1515 successive
813 1460 969 1537 perpetue
992 1454 1113 1516 vicarie
1135 1452 1294 1538 predicta-

96 1578 170 1620 rum
199 1564 280 1620 tunc
310 1576 369 1640 per
400 1554 539 1620 liberum
568 1557 817 1640 resignationem
840 1554 982 1621 Erhardi
1012 1557 1210 1642 prefatorum
1236 1579 1296 1643 per

96 1682 172 1724 erun
197 1659 239 1724 de
262 1657 316 1723 illu
339 1681 448 1724 coram
471 1658 665 1746 quibusdam
687 1661 809 1724 notario
832 1659 963 1746 publico
986 1670 1018 1725 et
1039 1661 1174 1726 testibus
1200 1671 1296 1727 extra

97 1763 281 1852 predictam
312 1765 435 1828 curiam
465 1773 577 1850 sponte
605 1764 725 1829 factam
748 1765 844 1830 etiam
867 1775 944 1828 tunc
967 1768 1152 1830 vacantium
1175 1776 1295 1831 nostra-

97 1891 171 1934 rum
204 1867 327 1933 eisdem
358 1867 468 1932 abbati
499 1879 530 1933 et
561 1871 733 1933 conventui
763 1889 991 1934 concessarum
1020 1869 1197 1935 litterarum
1225 1893 1294 1956 pre-

96 1973 281 2038 dictarumb
303 1975 538 2060 possessionem
560 1973 670 2060 adepti
692 1973 822 2038 fuerunt
841 1996 881 2038 ac
897 1973 1066 2039 ecclesiam
1081 1976 1114 2038 in
1129 1975 1294 2040 Mauttarn

1 2121 2 2124 =
97 2089 222 2144 extunc
243 2086 391 2142 tenentes
414 2079 445 2142 in
469 2099 545 2142 usus
568 2079 714 2163 proprios
737 2077 914 2142 eorundem
936 2080 1091 2142 vicariam
1113 2079 1295 2144 huiusmodi

97 2185 195 2247 etism
219 2191 339 2247 extunc
362 2203 421 2267 per
442 2180 607 2266 ydoneum
629 2181 823 2246 monachum
847 2181 924 2245 dicti
947 2183 1153 2246 monasteriib
1168 2185 1200 2247 in
1217 2184 1294 2250 Got-

1 2317 2 2363 5
97 2288 180 2351 wico
205 2288 303 2351 etiam
326 2296 402 2350 ante
424 2287 633 2352 irritationem
658 2287 870 2350 cassationem
894 2296 926 2350 et
947 2285 1199 2352 annullationem
1225 2310 1295 2373 pre-

98 2391 204 2458 dictas
228 2390 416 2477 aliquandiu
438 2400 471 2454 et
492 2399 585 2477 post*
608 2413 663 2455 eas
687 2390 804 2456 diutius
828 2390 977 2455 fecerunt
999 2401 1032 2456 et
1050 2391 1173 2456 faciunt
1187 2390 1295 2456 lauda·

96 2495 208 2561 biliter
230 2495 417 2581 gnbemari.
455 2494 538 2560 Cum
561 2505 668 2560 autem
693 2497 775 2559 sicut
797 2493 914 2559 eadem
935 2496 1044 2580 petitio
1068 2494 1296 2580 subiungebat,

1 2625 2 2702 j
97 2599 268 2686 predictus
298 2600 493 2664 Laurentius
521 2620 668 2664 asserens
699 2599 837 2664 eandem
868 2598 1038 2664 ecclesiam
1068 2602 1101 2663 in
1130 2601 1296 2664 Mauttarn

99 2705 161 2771 sibi
192 2705 308 2772 deberi
334 2728 394 2793 per
417 2704 548 2771 easdem
569 2705 692 2771 litteras
715 2704 840 2791 prefato
865 2707 1015 2791 episcopo
1038 2703 1297 2771 Ferentinatensi

99 2834 160 2897 per
182 2833 242 2877 nos
265 2821 300 2877 ut
321 2813 516 2897 premittitur
538 2810 677 2875 directas
700 2832 826 2875 necnon
849 2812 910 2897 ipsi
933 2809 1037 2875 abbas
1060 2821 1092 2875 et
1119 2821 1296 2875 conventus

98 2926 255 3003 pretextu
285 2915 462 2980 earundem
492 2924 525 2980 et
552 2915 755 3003 quorundam
781 2936 992 3001 processuum
1013 2913 1090 2978 inde
1112 2926 1296 2980 secutorum

100 3026 171 3086 sive
200 3020 386 3086 habitorum
413 3019 455 3083 ad
478 3022 670 3085 instanciam
693 3031 725 3084 et
746 3022 1005 3105 procurationem
1028 3018 1105 3083 dicti
1128 3019 1296 3085 Laurentii

99 3124 277 3191 multifarie
307 3124 525 3208 molestentur,
549 3146 606 3209 pro
629 3132 722 3210 parte
745 3125 889 3210 ipsorum
911 3123 1040 3188 abbatis
1064 3133 1096 3187 et
1118 3134 1297 3189 conventus

99 3231 164 3295 fuit
192 3229 286 3295 nobis
315 3228 477 3295 humiliter
507 3228 732 3316 supplicatum,
763 3237 798 3293 ut
828 3231 874 3293 eis
902 3230 935 3293 in
957 3230 1131 3314 premissis,
1154 3252 1195 3293 ne
1218 3228 1297 3293 alias

99 3334 230 3399 illorum
260 3336 429 3399 occasione
458 3335 518 3420 ipsi
549 3342 581 3397 et
609 3332 731 3398 dictum
763 3354 874 3397 eorum
897 3334 1126 3396 monasterium
1148 3334 1297 3417 gravissi-

101 3462 192 3505 mum
217 3438 445 3504 detrimentum
469 3460 630 3524 expensas
644 3435 863 3505 intolerabiles
878 3446 911 3501 ct
925 3435 988 3501 alia
1004 3435 1174 3522 dispendia
1190 3437 1298 3501 subire

102 3553 273 3631 cogantur,
302 3551 458 3630 oporttme
486 3540 658 3628 providere
685 3541 726 3605 de
756 3540 954 3627 benignitate
984 3542 1159 3626 apostolica
1188 3541 1299 3626 digna·

101 3670 224 3714 remur.
269 3647 337 3713 Nos
366 3649 464 3733 igitur
494 3657 612 3711 statum
641 3644 703 3710 litis
735 3668 861 3711 necnon
894 3655 1023 3710 tenores
1056 3644 1298 3731 privilegiorum

102 3752 325 3841 predictorum
355 3750 512 3815 babentes
542 3748 745 3836 presentibus
774 3772 833 3836 pro
863 3751 1026 3835 expressis
1056 3772 1095 3814 ac
1123 3746 1299 3813 eorundem

103 3857 233 3923 abbatis
264 3866 297 3920 et
327 3863 504 3920 conventus
534 3856 594 3940 piis
624 3853 802 3940 desideriis,
826 3876 885 3939 per
907 3876 970 3940 quc
992 3856 1046 3919 via
1067 3854 1144 3940 ipsis
1166 3862 1300 3939 paratur

104 3964 249 4027 securior
282 3959 325 4025 ad
363 3960 514 4046 quietem,
550 3958 688 4024 libenter
719 3960 922 4045 impertimur
954 3980 1121 4023 assensum
1154 3956 1300 4021 volentes

105 4089 203 4155 super
235 4065 297 4130 hiis
328 4074 465 4150 paterna
495 4063 695 4129 solicitudine
725 4062 898 4149 providere
927 4062 1110 4129 huiusmodi
1134 4084 1244 4126 corum
1267 4062 1300 4125 in

104 4172 167 4237 hac
193 4180 288 4259 parte
312 4168 599 4256 supplicationibus
622 4168 765 4233 inclinati
788 4167 920 4232 easdem
943 4166 1177 4253 parrochialem
1199 4164 1299 4229 eccle·

105 4280 185 4343 siam
216 4285 249 4340 et
278 4276 445 4359 vicariam,
476 4296 612 4360 quarum
642 4274 765 4338 fructus
795 4271 943 4337 redditus
975 4280 1006 4335 ct
1028 4279 1205 4359 proventus
1228 4292 1300 4333 sex·

106 4380 213 4446 decim
246 4379 454 4445 marcharum
484 4379 609 4463 argenti
640 4376 820 4442 secundum
849 4377 1091 4441 extimationem
1119 4373 1300 4461 predictam

106 4486 250 4551 valorem
273 4506 426 4567 annuum,
451 4491 486 4547 ut
508 4480 645 4568 predicti
668 4480 770 4546 abbas
794 4490 827 4546 ct
849 4492 1028 4545 conventus
1050 4488 1209 4562 asserunt,
1237 4500 1302 4542 non

107 4590 283 4674 excedunt,
314 4610 389 4653 curn
417 4586 564 4652 omnibus
594 4586 716 4651 iuribus
747 4595 780 4650 et
808 4586 1007 4671 pertinentiis
1038 4586 1102 4647 suis
1132 4581 1301 4648 antedictis

108 4696 214 4761 eidem
243 4693 439 4760 monasterio
468 4692 502 4756 in
524 4691 670 4757 Gotwico
694 4692 883 4755 auctoritate
907 4686 1081 4775 apostolica
1103 4688 1300 4773 presentium

109 4810 220 4866 tenore
251 4798 292 4864 de
323 4819 408 4863 novo
437 4804 593 4883 perpetuo
623 4797 865 4881 incorporamus
895 4794 1097 4858 annectimus
1119 4800 1152 4856 et
1173 4793 1301 4856 unimus

1113 4899 1147 4948 4*
