3250 5500
333 473 397 537 316

329 687 401 730 rum
424 663 640 750 apostolorum
662 663 749 726 Petri
773 671 805 726 ct
828 661 929 744 Pauli,
945 660 1160 747 apostolorum
1177 671 1394 748 patronorum,
1418 661 1525 724 sancti

331 769 463 833 Andree
487 768 632 853 apostoli,
656 768 759 831 sancti
781 765 933 830 Iohannis
956 766 1091 851 apostoli
1121 775 1154 830 et
1176 765 1391 850 ewangeliste,
1421 767 1529 829 sancti

323 871 549 946 ,Bartholomei
571 870 714 955 apostoli,
739 879 922 936 sanctorum
938 870 1037 934 Blasii
1057 869 1195 934 Achacii
1209 870 1329 934 Albani
1345 869 1530 934 Alexandri

331 978 501 1043 Fortunati
512 977 689 1058 martirum,
706 984 890 1040 sanctorum
907 974 1053 1040 Udalrici
1070 975 1200 1040 Martini
1214 974 1402 1059 Wolfgangi
1423 975 1530 1038 Bene-

332 1083 408 1146 dicti
432 1081 577 1146 Heinrici
600 1079 830 1163 confessorum,
854 1089 965 1144 sancte
987 1078 1093 1163 Anne,
1117 1088 1302 1144 sanctarum
1316 1077 1530 1163 Margarethe

333 1185 478 1251 Barbare
500 1183 693 1270 Appollonie
716 1182 899 1248 Erndrudis
922 1185 1083 1267 virginum
1105 1205 1233 1248 necnon
1254 1204 1366 1247 omnes
1381 1183 1530 1268 reliquie,

332 1313 395 1376 quo
418 1291 507 1375 prius
536 1289 667 1354 fuerunt
689 1291 722 1352 iu
753 1287 868 1353 eodem
898 1287 991 1352 altari
1021 1297 1179 1352 contente.
1225 1287 1382 1352 Volumus
1412 1289 1532 1368 eciam,

332 1393 419 1480 quod
442 1392 609 1458 dedicacio
633 1391 779 1457 eiusdem
802 1391 925 1477 capelle
942 1391 1123 1456 celebretur
1143 1393 1259 1456 futuris
1274 1391 1473 1476 temporibus
1496 1394 1532 1455 in

332 1499 384 1563 die
417 1499 518 1563 sancti
541 1498 688 1563 Udalrici
718 1519 776 1583 per
807 1498 1100 1583 transposicionem.
1145 1496 1389 1582 Consequenter
1418 1505 1532 1560 notan-

333 1602 420 1686 dum,
444 1602 529 1688 quod
553 1601 613 1666 sub
636 1623 720 1667 anno
743 1601 786 1666 ab
808 1603 1036 1666 incarnacione
1060 1600 1179 1666 domini
1195 1600 1360 1666 millesimo
1377 1600 1532 1684 quadrin-

331 1710 508 1792 gentesimo
530 1708 694 1794 trigesimo
711 1709 845 1793 septimo
857 1709 890 1770 in
903 1706 956 1771 die
969 1716 1079 1771 sancte
1097 1708 1247 1770 trinitatis
1261 1707 1367 1789 (1437
1377 1706 1455 1771 Mai
1470 1705 1530 1790 26)

333 1813 593 1876 consecravimus
617 1811 774 1896 capellam
797 1813 830 1875 in
853 1811 976 1875 ambitu
997 1809 1040 1874 ad
1055 1812 1247 1896 peticionem
1269 1809 1384 1896 prefati
1408 1808 1534 1873 domini

333 1914 459 1980 abbatis
482 1917 515 1980 in
537 1915 658 1980 honore
675 1925 786 1980 sancte
802 1915 981 1979 Katherine
997 1916 1130 2000 virginis
1153 1924 1185 1979 et
1200 1917 1338 1979 martiris
1360 1937 1401 1979 ac
1417 1925 1532 1978 sancte

333 2019 428 2084 Anne
452 2022 562 2084 matris
584 2019 697 2084 Maris.
722 2019 934 2084 Continentur
955 2029 1063 2084 autem
1085 2021 1118 2084 in
1142 2018 1257 2084 eodem
1279 2019 1372 2083 altari
1394 2018 1533 2104 reliquie

333 2123 536 2209 infrascripte
552 2134 736 2188 sanctorum
752 2123 904 2188 videlicet
919 2123 1040 2188 Mathai
1056 2124 1207 2210 Symonis
1229 2132 1262 2187 et
1277 2121 1359 2187 Iude
1374 2123 1532 2208 apostolo-

336 2251 419 2312 rum,
455 2238 641 2294 sanctorum
671 2229 827 2315 Stephani
858 2228 1111 2314 prothomartiris
1141 2229 1308 2293 Eustachii
1336 2227 1474 2292 Achacii
1502 2238 1536 2292 et

333 2335 492 2397 sociorum
515 2335 582 2397 eius
612 2334 740 2398 Erasmi
770 2333 952 2398 Sebastiani
982 2333 1114 2418 Georgii
1144 2331 1288 2397 Oswaldi
1317 2331 1534 2397 Cholomanni

335 2439 511 2520 martirum,
547 2448 732 2502 sauctorum
764 2437 911 2503 Silvestri
940 2436 1086 2503 Udalrici
1116 2437 1246 2523 Hilarii
1280 2435 1422 2502 Erhardi
1458 2459 1532 2500 con-

333 2542 500 2624 fessorum,
524 2553 708 2607 sanctarum
731 2541 911 2606 Katherine
934 2541 1142 2626 Margarethe
1165 2541 1285 2607 Ursule
1307 2542 1472 2625 virginum
1501 2551 1534 2604 et

335 2656 445 2711 sancte
469 2646 565 2711 Anne
587 2669 712 2711 necnon
730 2668 841 2710 omnes
857 2645 1001 2732 reliquie,
1018 2668 1081 2730 que
1103 2646 1234 2709 fuerunt
1254 2647 1287 2710 in
1310 2644 1402 2708 altari
1425 2665 1531 2728 penes

334 2752 466 2817 chorum
489 2754 577 2838 prius
600 2750 774 2815 recondite.
823 2751 906 2815 Item
928 2750 1117 2834 notandum,
1148 2747 1234 2836 quod
1264 2747 1308 2813 ad
1336 2750 1533 2834 peticionem

332 2857 545 2940 prenominati
583 2855 701 2920 domini
737 2855 828 2919 Luce
866 2853 994 2919 abbatis
1028 2853 1246 2918 transtulimus
1285 2852 1534 2917 dedicacionem

334 2958 479 3024 eiusdem
503 2958 625 3046 capelle
642 2969 752 3024 sancte
768 2960 948 3024 Katherine
963 2960 1112 3044 proxima
1135 2955 1295 3021 dominica
1318 2966 1389 3043 post
1410 2957 1532 3021 festum

333 3073 444 3128 sancte
468 3063 572 3128 Anne.
611 3063 737 3128 Eodem
760 3066 864 3127 eciam
887 3084 970 3127 anno
993 3072 1026 3127 et
1048 3059 1099 3126 die
1114 3072 1227 3126 sancte
1248 3063 1397 3127 trinitatis
1417 3084 1532 3125 recon-

334 3167 513 3233 ciliavimus
538 3167 708 3233 ecclesiam
736 3170 892 3232 maiorem
920 3166 1073 3231 videlicet
1101 3168 1330 3230 monasterium
1360 3175 1392 3229 et
1422 3168 1533 3230 omnia

333 3273 447 3337 altaria
469 3275 502 3337 in
526 3295 563 3337 eo
585 3272 709 3337 inclusa
733 3281 765 3335 et
787 3271 888 3335 altare
911 3273 1013 3335 sancti
1035 3268 1204 3334 Michaelis
1227 3272 1260 3333 in
1283 3270 1347 3334 alto
1377 3272 1533 3335 situatum

334 3387 366 3441 et
388 3378 490 3442 altare
513 3380 654 3442 omnium
677 3387 863 3441 sanctorum
885 3398 982 3461 super
1011 3374 1151 3455 lectorio,
1181 3377 1258 3440 item
1288 3377 1422 3460 criptam
1455 3399 1533 3440 cum

334 3486 399 3546 suis
423 3480 588 3565 altaribus,
611 3483 688 3546 item
712 3480 888 3567 capitulum
911 3502 985 3544 cum
1009 3482 1073 3544 suis
1096 3479 1251 3545 altaribus
1279 3490 1312 3545 et
1338 3482 1533 3544 cimiterium

333 3588 517 3649 monasterii
540 3594 572 3649 et
593 3584 743 3669 ambitus,
766 3588 844 3649 item
867 3584 1025 3671 capellam
1047 3587 1150 3649 sancti
1173 3583 1342 3649 Benedicti
1366 3607 1441 3649 cum
1465 3587 1533 3649 suis

332 3689 498 3772 altaribuS,
522 3692 598 3755 item
622 3689 793 3754 ecclesiam
815 3687 1051 3774 parrochialem
1079 3711 1153 3753 cum
1183 3690 1249 3752 suis
1278 3688 1434 3752 altaribus
1466 3710 1534 3753 una

336 3816 410 3859 cum
445 3796 599 3859 cimiterio
635 3794 740 3859 eidem
775 3793 911 3858 ecclesie
951 3815 1095 3877 annexo,
1135 3791 1253 3857 deinde
1291 3795 1441 3878 proxima
1480 3791 1534 3856 die

334 3901 482 3985 sequenti
508 3899 595 3963 idem
617 3899 733 3963 festum
762 3908 874 3963 sancte
899 3898 1049 3961 trinitatis
1071 3899 1177 3980 (1437
1195 3897 1271 3962 Mat
1292 3895 1350 3981 27)
1375 3907 1533 3962 monaste·

334 4006 417 4069 rium
449 4027 594 4069 sororum
628 4027 702 4069 cum
736 4004 859 4069 ambitu
893 4012 926 4067 et
958 4001 1113 4067 altaribus
1145 4003 1177 4066 in
1212 4024 1250 4065 eo
1283 4000 1425 4084 inclusis,
1456 4003 1535 4066 item

336 4110 492 4195 capellam
524 4118 636 4173 sancte
665 4107 848 4173 Erndrudis
882 4130 955 4172 cum
989 4129 1046 4171 suo
1080 4106 1172 4171 altari
1203 4105 1309 4170 eidem
1339 4109 1534 4172 monasterio
1589 4119 1593 4127 '

334 4216 496 4298 virginum
520 4215 713 4299 contiguam,
736 4216 812 4278 item
836 4212 994 4297 capellam
1017 4213 1121 4275 sancti
1143 4209 1277 4275 Andree
1300 4211 1434 4296 apostoli
1458 4234 1532 4275 cum

334 4316 426 4381 altari
456 4320 487 4381 in
521 4316 615 4380 domo
647 4317 765 4381 domini
788 4315 916 4381 abbatis
944 4319 1104 4396 situatam,
1135 4318 1211 4379 item
1241 4315 1400 4401 capellam
1429 4318 1533 4380 sancti

334 4422 444 4487 Georii
467 4444 540 4485 cum
565 4443 622 4485 suo
645 4420 738 4485 altari
754 4430 848 4485 extra
862 4442 970 4484 muros
986 4422 1170 4485 monasterii
1186 4422 1332 4506 positam.
1355 4420 1533 4504 Cupientes

335 4528 440 4610 igitur,
464 4535 500 4589 ut
522 4525 668 4611 predicte
692 4524 816 4610 capelle
827 4547 906 4588 cum
923 4524 1066 4589 ecelesiis
1083 4535 1116 4589 et
1131 4516 1286 4589 altaribus
1301 4525 1535 4610 prenominatis

335 4631 488 4717 congruis
521 4630 694 4695 honoribus
728 4630 974 4716 frequententur
1008 4640 1040 4693 et
1069 4639 1104 4693 ut
1132 4630 1234 4692 Kristi
1267 4626 1379 4693 fideles
1410 4627 1534 4692 cultum

335 4735 482 4799 divinum
504 4736 537 4800 in
561 4732 683 4799 eisdem
707 4755 744 4798 eo
767 4733 973 4819 frequencius
996 4734 1126 4798 visitent
1148 4741 1181 4796 et
1202 4731 1278 4797 illuc
1300 4733 1443 4814 veniant,
1468 4754 1533 4796 om·
