3250 5500
335 505 400 572 340

334 696 462 780 fuerint,
486 697 540 782 qui
563 694 635 760 illac
651 694 790 780 dirigent
805 717 906 759 unum
929 696 1052 777 ex[suis
1076 694 1298 779 familie]ribus
1321 705 1354 761 et
1375 696 1522 783 quidquid

335 823 408 865 cum
432 799 562 864 consilio
586 799 664 864 dicti
678 799 843 863 familiaris
867 799 981 864 directi
1004 821 1102 886 super
1116 799 1297 865 huiusmodi
1320 801 1453 866 edificiis
1473 803 1522 864 im·

335 903 494 989 penderit,
518 902 551 968 id
581 906 686 989 ipsum
718 903 824 968 eidem
855 906 942 968 circa
971 906 1188 970 reemcionem
1220 927 1279 969 seu
1308 906 1523 969 exolucionem

335 1010 432 1072 castri
457 1055 1085 1074 ....................
1108 1032 1152 1074 na
1174 1008 1303 1096 capitali
1326 1008 1425 1073 debet
1438 1008 1524 1072 reddi

335 1114 513 1177 viceversa.
544 1113 628 1176 Item
651 1113 739 1176 circa
761 1111 1067 1177 condescensionem
1091 1113 1167 1178 dicti
1191 1115 1288 1178 castri
1311 1115 1523 1198 prenominato

334 1217 490 1281 Benessio
514 1238 570 1281 seu
593 1217 693 1302 ipsius
717 1216 959 1282 successoribus
982 1217 1166 1304 quindecim
1189 1240 1304 1282 currus
1328 1267 1524 1283 .......
1619 1262 1620 1277 t

336 1370 781 1386 .............
805 1320 884 1386 bent
913 1324 1050 1387 mutuari
1081 1344 1139 1407 pro
1169 1322 1372 1388 abduccione
1402 1345 1526 1386 suorum

336 1426 501 1491 mobilium
535 1424 577 1490 ad
612 1425 804 1490 distanciam
838 1427 980 1512 quinque
1013 1426 1184 1491 miliarium
1220 1437 1254 1492 et
1286 1449 1350 1491 non
1383 1425 1467 1490 ultra
1497 1435 1527 1488 et
1619 1470 1620 1487 2

337 1531 530 1617 quicumque
553 1539 737 1615 presentem
764 1528 903 1594 litteram
932 1528 1083 1594 habuerit
1105 1552 1178 1594 oum
1206 1530 1283 1595 dicti
1308 1532 1453 1595 Benessii
1474 1550 1527 1593 seu
1619 1518 1620 1527 ¹

336 1636 572 1716 [successorum
596 1635 711 1720 i]psius
734 1632 822 1698 bona
843 1633 1008 1698 voluntate
1031 1633 1137 1699 eidem
1160 1656 1254 1698 omne
1277 1637 1325 1699 ius
1350 1643 1527 1720 competere
1619 1690 1620 1693 ,

335 1737 468 1803 debebit
489 1740 521 1802 in
544 1739 719 1824 premissis.
757 1737 796 1802 In
820 1758 956 1822 quorum
981 1736 1078 1801 fidem
1101 1746 1134 1801 et
1154 1740 1371 1803 testimonium
1393 1737 1527 1823 sigillum
1619 1788 1620 1795 κ

335 1852 480 1907 nostrum
508 1844 612 1907 maius
642 1842 847 1927 presentibus
879 1851 928 1906 est
956 1862 1135 1928 appensum
1163 1891 1526 1908 ............

336 1949 482 2030 [Actum]
507 1998 514 2013 .
540 1995 547 2010 .
572 1946 727 2012 Olomucz
755 1969 841 2011 anno
872 1945 992 2011 domini
1021 1945 1188 2011 millesimo
1215 1946 1527 2033 quadringentesimo

336 2051 583 2137 quadragesimo
619 2051 671 2115 die
702 2054 806 2116 sancti
837 2050 994 2116 Gereonis
1028 2054 1179 2137 martyris
1209 2061 1242 2115 et
1271 2053 1432 2116 sociorum
1465 2052 1528 2115 cius

333 2157 435 2240 (1340
458 2155 523 2222 Oct.
540 2155 609 2239 10).
651 2156 693 2219 Et
714 2177 772 2220 nos
795 2155 911 2220 Petrus
934 2153 976 2219 de
999 2155 1137 2219 Raczicz
1161 2155 1304 2220 decanus
1328 2204 1527 2220 .......
1619 2234 1620 2239 ¹

337 2310 871 2326 .................
894 2283 910 2324 s
941 2259 982 2324 de
1012 2260 1121 2346 Praga
1152 2263 1343 2347 prepositus,
1373 2259 1528 2325 Martinus
1619 2274 1620 2279 ’

335 2365 375 2430 dc
415 2364 591 2431 Dobrzena
629 2364 888 2448 archidiaconus,
919 2364 1059 2430 Iacobus
1091 2363 1133 2429 de
1163 2364 1341 2449 Holessow,
1371 2365 1530 2432 Iohannes

334 2471 416 2554 Har,
439 2470 627 2536 licencietus
649 2473 683 2536 in
707 2470 858 2555 decretis,
881 2473 1035 2556 magister
1057 2469 1216 2536 Iohannes
1244 2471 1286 2535 de
1308 2471 1393 2557 Tyn,
1419 2471 1529 2537 Oristo

334 2575 422 2640 sorus
451 2626 458 2640 .
490 2625 1352 2640 ...........................
1380 2575 1530 2640 Nicolaus

335 2678 563 2744 Suchuntrunc
587 2679 628 2743 de
656 2677 822 2763 Policzka,
846 2677 996 2744 Andreas
1019 2679 1060 2742 de
1087 2679 1289 2765 Namiesscr,
1310 2679 1466 2745 Nicolaus
1492 2678 1530 2742 de

335 2784 490 2871 Lippnilz,
520 2785 710 2849 Dominicus
739 2784 781 2849 de
803 2783 970 2867 Olomucz,
994 2784 1146 2849 Nicotaus
1175 2784 1216 2848 de
1242 2782 1344 2869 Odra,
1373 2785 1530 2849 Martinus
1619 2859 1620 2878 ,

336 2888 377 2952 de
407 2889 512 2954 Mora·
537 2938 771 2953 ........
774 2939 782 2972 ,
807 2887 1050 2972 [We]nceslaus
1079 2887 1296 2974 Nemilansky
1326 2898 1359 2953 et
1380 2888 1531 2953 Nicolaus

336 2992 377 3057 de
399 2993 515 3077 Priest‚
547 2995 694 3059 canonici
724 3003 757 3057 et
786 2992 967 3080 cappellani
998 2992 1134 3057 ecclesie
1168 2992 1402 3077 Olomucensis,
1439 2992 1530 3058 certis

335 3097 518 3161 racionibus
541 3099 677 3184 permoti
692 3096 735 3161 ad
751 3095 888 3182 predicti
905 3099 1001 3162 castri
1017 3097 1232 3163 exolutionem
1248 3107 1281 3162 et
1296 3098 1530 3183 obligacionem

337 3252 867 3267 .................
891 3203 1047 3287 [p]unctis
1074 3212 1107 3267 et
1129 3200 1279 3267 clausulis
1306 3204 1457 3290 superius
1479 3224 1529 3265 ex·

334 3307 453 3390 pressis
477 3316 620 3371 nostrum
642 3305 832 3392 prebuimus
854 3317 887 3371 et
909 3306 1114 3393 presentibus
1135 3306 1310 3393 prebemus
1340 3328 1530 3373 consensum

303 3440 306 3446 ·
335 3413 456 3495 pariter
480 3421 512 3476 et
533 3432 711 3496 assensum,
734 3412 768 3476 in
791 3412 883 3476 cuius
910 3413 958 3475 rei
984 3413 1200 3477 testimonium
1229 3410 1370 3495 sigillum
1393 3460 1530 3477 .....

337 3563 669 3580 ...........
693 3514 899 3600 presentibus
922 3525 972 3581 est
993 3537 1222 3601 coappensum.
1252 3516 1376 3581 Datum
1398 3518 1433 3580 in
1450 3517 1531 3600 cepi-

334 3617 399 3681 tulo
423 3626 530 3683 nostro
553 3618 706 3703 generali,
730 3618 817 3704 quod
838 3622 872 3684 in
895 3620 976 3684 festo
1006 3622 1109 3684 sancti
1131 3619 1281 3684 leronimi
1312 3642 1386 3685 cum
1419 3618 1532 3684 diebus

336 3721 544 3806 sequentibus
565 3721 691 3787 solitum
712 3733 761 3788 est
776 3723 944 3807 celebrari,
959 3745 1043 3789 anno
1067 3732 1100 3788 et
1115 3724 1182 3807 [die
1197 3734 1230 3789 et
1243 3721 1313 3788 loco
1329 3724 1408 3809 quo]
1425 3745 1531 3809 supra.

382 3964 485 4033 1265.
1036 3974 1119 4032 1440
1135 3974 1260 4032 october
1276 3974 1325 4040 le,
1342 3974 1490 4033 blusters.

440 4156 580 4240 Bischof
588 4156 758 4223 Leoohord
779 4178 840 4223 oon
854 4158 983 4225 Persou
1003 4160 1184 4226 uatarucbt
1199 4160 1248 4227 ale
1262 4161 1318 4226 der
1333 4180 1402 4225 vora
1417 4159 1534 4226 Raaler

335 4258 460 4326 Concide
482 4262 615 4327 beetetltc
636 4261 796 4327 Eaeeator
823 4265 874 4328 dic
901 4264 1073 4329 demselbcn
1093 4284 1154 4330 oon
1180 4265 1246 4331 Abt
1266 4262 1444 4351 [Thomas]
1465 4264 1532 4329 aad

335 4365 407 4430 dem
429 4364 583 4431 Ooavcate
604 4388 645 4432 eo
661 4365 815 4451 Gotrweq
836 4369 1006 4451 vorpelcpte
1024 4368 1124 4449 Bitte,
1146 4369 1274 4450 erklcirt,
1298 4370 1373 4435 deas
1387 4369 1534 4434 manetes

333 4472 568 4555 oeracbwicqen,
584 4472 729 4538 manetes
743 4474 819 4537 aber
833 4473 923 4537 watr
937 4476 991 4554 set,
1013 4475 1083 4539 aad
1104 4474 1268 4555 bestimmt,
1283 4474 1360 4541 dosa
1373 4474 1428 4540 die
1442 4474 1530 4539 Bitt-

335 4574 438 4640 steltcr
459 4576 545 4641 nieht
567 4576 761 4657 eerpfliettet
783 4578 851 4642 scin
872 4576 978 4658 sollen,
1001 4578 1153 4643 wabrend
1174 4579 1230 4643 der
1244 4578 1328 4659 Zeit,
1349 4599 1397 4644 wo
1418 4579 1456 4642 ia
1478 4578 1533 4643 der

335 4678 537 4761 Stiftskirche
559 4677 771 4745 Gottesdteast
796 4680 943 4764 pebcttea
965 4681 1057 4762 wird,
1087 4702 1133 4746 aa
1161 4683 1222 4747 dea
1250 4684 1288 4747 ia
1316 4684 1372 4748 der
1394 4681 1532 4749 &aeds-

335 4784 480 4847 arkaode
502 4784 681 4849 benenatea
703 4784 809 4868 Tapro
831 4788 923 4851 anea
945 4786 1180 4852 Conventaalca
1206 4808 1264 4851 ear
1287 4786 1534 4872 Verkttadiprmp
