3250 5500
1272 467 1335 532 331

137 649 343 732 Stiftaleirehe
364 675 408 716 aa
437 654 583 734 fiziertea
605 655 712 738 Tapae
742 655 892 722 hesaehea
922 658 1027 738 desse,
1056 679 1098 722 aa
1126 658 1337 724 uaterawhen

329 757 397 822 aad
418 759 655 840 antaprcehende
677 759 940 843 Beatimmanqea
962 784 1003 827 aa
1026 763 1145 844 treffcn.

245 929 327 997 Orig.,
345 933 422 998 Perg.
454 933 495 983 An
514 935 588 984 einer
606 933 779 984 Hanfschnnr
797 935 841 986 die
859 935 948 986 Bulle.

243 1052 299 1102 Aur
314 1053 374 1104 dem
393 1055 467 1120 Buge
487 1056 573 1105 rochts
592 1058 626 1106 ist
645 1073 696 1106 von
715 1057 762 1107 der
780 1057 814 1106 Η.
829 1074 854 1107 n.
868 1058 948 1107 'Pinte
966 1058 1012 1108 des
1026 1059 1260 1109 Urlr.-Sehreibers
1279 1076 1335 1110 ver-

139 1167 239 1216 merlrt:
259 1167 303 1217 Ja.
321 1167 353 1218 de
378 1169 560 1235 Krainbarpa;
583 1171 672 1220 rachts
691 1185 733 1220 am
757 1171 851 1222 Raude
874 1173 921 1223 des
938 1173 1037 1223 Textea
1059 1175 1103 1222 ein
1120 1174 1253 1238 Mosega:
1270 1147 1335 1263 {3

138 1287 221 1332 untm
243 1280 304 1332 dem
328 1283 402 1348 Buge
426 1282 497 1333 linlrs
521 1299 573 1334 von
597 1283 717 1348 gleieher
739 1285 774 1334 H.
794 1300 821 1335 u.
839 1285 919 1336 Tinte
941 1286 988 1336 der
1009 1286 1251 1337 Monetavermerlr:
1269 1287 1338 1348 lul,-

136 1420 231 1472 weitsr
248 1422 372 1472 einwtrts
391 1421 438 1472 der
451 1423 688 1474 Kastenvermerlr:
710 1388 741 1532 ἐς
761 1424 899 1476 demutor:
922 1423 953 1476 G.
972 1425 1069 1487 (leuch
1087 1425 1214 1476 detenter
1225 1441 1279 1475 von
1291 1441 1336 1474 an·

136 1559 214 1610 derer
232 1559 411 1611 H.u.'1'inte:
430 1561 471 1611 Jo.
492 1562 635 1624 Wernlaeri5
653 1564 702 1612 aul
717 1564 764 1613 der
782 1565 954 1615 Alassenseite
972 1563 1019 1613 der
1032 1563 1333 1629 Registratnrvsrmorlr3

135 1647 266 1698 darunter
283 1663 336 1697 von
353 1648 472 1714 gleicher
484 1647 518 1698 Η.
532 1665 557 1698 u.
571 1649 663 1698 'linter
684 1649 801 1714 impilm,-
818 1651 847 1699 in
865 1649 913 1700 der
925 1650 1003 1700 Mitte
1022 1649 1069 1700 des
1086 1657 1200 1700 unteren
1210 1649 1332 1700 Randes:

134 1733 177 1784 Jo.
197 1732 306 1797 Laertie,¹
324 1735 446 1788 danaban
463 1751 517 1786 von
535 1736 648 1787 andater
666 1737 713 1786 ll:
734 1735 764 1788 L.
778 1735 888 1788 Vacua.

242 1857 303 1925 Vgl.
322 1875 362 1910 nr.
383 1859 460 1910 1265.

241 2013 455 2080 Sacrosaneta
476 2016 637 2102 generalis
661 2015 806 2102 synodus
822 2015 1009 2081 Basiliensis
1031 2019 1064 2081 in
1086 2018 1200 2102 spiritu
1222 2027 1333 2082 sanem

133 2117 276 2204 legitime
300 2129 496 2206 congregata
518 2120 734 2186 universalem
757 2122 929 2186 ecclesiam
951 2132 1179 2207 representans
1202 2145 1334 2187 venera·

135 2223 193 2289 bili
217 2276 224 2290 .
250 2276 257 2290 .
281 2227 431 2312 episcopo
453 2227 639 2291 Pataviensi
673 2227 811 2292 salutem
842 2237 874 2292 et
904 2230 1128 2313 omnipotentis
1155 2226 1209 2291 dei
1238 2227 1333 2292 bene·

135 2327 319 2396 dictionem.
365 2330 464 2396 Sacre
487 2330 659 2418 religionia
683 2332 744 2398 sub
768 2353 834 2417 qua
856 2332 965 2397 dilecti
987 2332 1124 2397 ecclesie
1152 2332 1209 2398 filii
1230 2331 1334 2398 abbae

134 2443 168 2498 et
190 2444 368 2500 conventus
391 2438 575 2500 monasterii
600 2435 696 2501 beate
713 2437 818 2501 Marie
840 2439 973 2521 virginis
995 2439 1027 2501 in
1044 2437 1190 2503 Gotwico
1212 2436 1334 2502 ordinis

133 2539 239 2603 sancti
261 2538 432 2604 Benedicti
461 2549 516 2606 tue
546 2539 682 2606 diocesis
712 2551 915 2626 promeretur
946 2540 1106 2625 honestas,
1138 2551 1174 2607 ut
1202 2540 1256 2606 illa
1286 2543 1332 2605 eis

134 2643 363 2729 concedamus,
386 2667 445 2731 per
475 2667 538 2731 que
571 2667 628 2712 sue
660 2645 822 2712 devotioni
852 2645 984 2712 liberius
1013 2646 1181 2713 intendere
1203 2646 1333 2710 valeant

133 2747 287 2836 illamque
320 2772 380 2836 per
411 2753 497 2837 ipsos
533 2772 571 2815 eo
602 2751 739 2836 amplius
773 2751 933 2837 amplecti
978 2751 1134 2817 Exhibita
1171 2751 1329 2837 siquidem

132 2852 227 2918 nobis
250 2876 355 2941 nuper
384 2876 442 2939 pro
473 2864 564 2940 parte
593 2854 751 2921 dictorum
782 2855 911 2921 abbatis
944 2867 977 2921 et
1007 2865 1184 2921 conventas
1213 2857 1330 2940 peticio

131 2956 328 3042 continebat,
359 2958 445 3044 quod
474 2982 547 3025 oum
578 2958 651 3025 olim
675 2963 849 3027 nativitatis
878 2963 1127 3026 circumcisionis
1157 2960 1329 3047 epiphanie

130 3064 377 3127 resurrectionis
400 3073 432 3128 et
453 3065 651 3129 ascensionis
679 3064 799 3129 domini
826 3068 926 3131 nostri
946 3066 1028 3131 Jesu
1050 3064 1167 3130 Christi
1189 3087 1229 3129 ac
1250 3086 1328 3149 pen·

128 3166 294 3231 theoostas
309 3188 435 3233 necnon
450 3170 550 3254 ipsius
566 3178 701 3254 quarte·
724 3168 826 3235 ferieb
848 3169 1034 3235 immediate
1048 3168 1128 3233 illud
1142 3170 1327 3254 sequentis·

129 3294 173 3336 ac
195 3274 292 3337 etiam
315 3271 401 3337 dicte
423 3272 560 3357 gloriose
582 3275 715 3359 virginis
738 3274 842 3339 Maris
864 3296 992 3339 necnon
1013 3273 1167 3339 Iohannis
1195 3271 1329 3357 apostoli

129 3385 166 3439 et
188 3376 405 3462 ewangeliste,
430 3377 524 3443 beate
547 3378 755 3463 Margarethe
778 3379 954 3444 Laurencii
975 3387 1009 3443 et
1036 3380 1177 3443 omnium
1205 3386 1328 3442 saneto

128 3502 205 3545 rum
227 3504 267 3547 ac
290 3483 387 3546 etiam
409 3483 509 3568 ipsius
532 3486 715 3548 monasterii
739 3483 877 3549 ecclesie
900 3483 1121 3565 dedicationis,
1144 3482 1228 3546 festa
1242 3482 1328 3545 Iovis

130 3606 261 3671 quoque
285 3595 318 3651 et
340 3587 477 3652 Veneris
507 3588 656 3653 sanctosd
686 3597 718 3653 et
743 3590 775 3653 in
804 3611 886 3653 cena
916 3586 1036 3653 domini
1063 3609 1103 3651 ac
1132 3605 1328 3673 parasceves

130 3688 202 3753 dies
224 3712 352 3756 necnon
371 3692 550 3756 animarum
566 3692 710 3757 fidelium
726 3694 1025 3758 commemoratione
1048 3691 1164 3756 devote
1186 3692 1219 3754 in
1243 3689 1328 3755 dicto

128 3796 324 3860 monasterio
352 3795 509 3861 celebrari
533 3808 564 3861 et
594 3800 706 3882 peragi
729 3800 965 3880 consueverint,
989 3795 1075 3881 quod
1097 3793 1328 3859 monachorum

129 3898 210 3963 dicti
232 3903 416 3965 monasterii
438 3903 608 3987 presencia
630 3924 687 3986 pro
710 3899 938 3966 interessendis
962 3899 1079 3964 divinis
1107 3899 1220 3963 officiis
1244 3918 1328 3961 com-

127 4006 271 4069 muniter
293 4006 412 4092 requiri
429 4013 461 4069 et
476 4004 591 4070 haberi
607 4004 731 4070 solebat
746 4015 779 4069 et
793 4015 976 4091 propterea,
994 4006 1020 4067 si
1036 4024 1147 4068 omnes
1162 4012 1195 4066 et
1209 4000 1327 4089 singuli

126 4107 280 4174 monachi
302 4108 429 4193 prefati,
454 4130 589 4195 quorum
612 4110 709 4195 aliqui
732 4132 790 4197 pro
814 4132 893 4175 cura
915 4110 1096 4174 animarum
1119 4105 1327 4193 parrochialis

126 4211 268 4278 ecclesie
292 4212 368 4279 dicti
392 4216 575 4279 monasterii
607 4214 793 4281 exercenda
822 4236 883 4301 per
905 4212 1057 4278 abbatem
1079 4222 1112 4277 et
1133 4221 1327 4276 conventum

125 4316 293 4404 predictos
316 4316 521 4404 deputantur,
547 4319 664 4384 divinis
687 4320 801 4384 officiis
825 4317 1006 4383 huiusmodi
1035 4321 1228 4382 interessent
1256 4339 1326 4401 par·

124 4422 339 4508 rochiamque
362 4422 507 4488 eiusdem
529 4424 738 4509 parrochialis
761 4423 898 4488 ecclesie
922 4444 980 4508 pro
1010 4419 1179 4487 audiendis
1210 4421 1326 4483 divinis

124 4646 211 4703 1252.
236 4661 249 4685 ⁸
267 4668 285 4701 a
302 4650 352 4701 aul
371 4650 464 4701 auur.
485 4677 517 4687 -
536 4652 550 4684 ὓ
567 4652 624 4701 Das
645 4650 726 4701 lstate
748 4651 828 4702 aaut
847 4651 942 4701 Rasur.
960 4677 993 4689 —
1013 4660 1024 4683 ⁸
1043 4650 1095 4699 Dia
1116 4648 1216 4699 leuton
1239 4647 1325 4696 Buch-

123 4738 221 4789 stahen
240 4737 291 4788 ans
305 4736 399 4789 Rasur.
419 4764 451 4774 -
469 4738 483 4771 ¹
500 4739 556 4789 Ans
573 4741 668 4789 macae
686 4740 831 4805 corrigisrt.
