3250 5500
318 471 383 536 300

318 659 519 727 solicitudine
544 660 803 746 prosequendum
827 660 1013 742 arbitratur,
1040 670 1076 725 ut
1097 681 1155 745 per
1185 659 1328 745 singulas
1358 660 1501 724 ecelesias

319 767 453 830 ministri
475 767 680 831 instituantur
701 764 832 850 ydonei,
856 766 909 849 qui
926 765 1074 828 scienciis
1097 773 1129 828 et
1151 765 1322 829 virtutibus
1337 765 1503 849 effulgeant

318 869 362 935 ad
386 870 503 936 Christi
533 868 667 955 gloriam
698 879 730 933 et
760 871 902 933 universi
932 868 1041 954 pepuli
1071 868 1244 934 Christiani
1275 869 1503 934 edificationem

319 975 502 1059 salutarem,
526 977 578 1038 eui
593 976 639 1038 rci
662 996 763 1058 grave
779 973 1045 1059 impedimentum
1067 973 1224 1038 hactenus
1239 975 1356 1038 afferre
1372 977 1439 1038 visa
1460 984 1504 1037 cst

318 1083 495 1168 gratiarum
534 1081 812 1164 expectativarum
851 1078 1034 1160 multitudo,
1075 1100 1137 1164 que
1176 1101 1310 1165 gravem
1345 1078 1446 1144 ordini
1477 1089 1505 1143 et

318 1187 414 1250 statui
451 1184 667 1249 ecclesiastico
704 1182 978 1270 perturbationem
1008 1185 1179 1269 variasque
1221 1183 1435 1248 ordinationes
1470 1206 1505 1247 ac

318 1289 456 1375 plurima
472 1289 657 1354 discrimina
673 1290 867 1372 comperitur
881 1290 1039 1352 iniecisse.
1074 1289 1128 1352 Ex
1143 1287 1203 1353 hiis
1219 1289 1305 1352 enirn
1327 1289 1506 1373 frequenter

320 1394 385 1458 dati
408 1403 482 1459 sunt
511 1394 656 1458 ecclesiis
686 1394 821 1457 ministri
850 1415 915 1457 non
946 1392 1072 1479 probati
1101 1415 1164 1457 nec
1198 1394 1315 1477 cogniti
1348 1401 1507 1457 vacaturo·

318 1521 455 1584 rumque
478 1498 708 1562 beneficiorum
733 1499 925 1582 expectatio,
958 1499 1052 1562 sicuti
1082 1499 1215 1582 antiqua
1244 1498 1314 1561 iura
1344 1506 1506 1581 testantur,

319 1606 520 1669 occasionem
544 1602 759 1668 desiderande
782 1604 892 1667 mortis
913 1601 1018 1666 aliene
1035 1613 1180 1687 prestare
1196 1602 1284 1684 solet,
1310 1601 1396 1687 quod
1419 1601 1507 1688 pluri·

319 1732 407 1773 mum
429 1707 610 1794 preiudicat
632 1709 811 1772 animarum
827 1706 930 1770 saluti.
962 1706 1027 1772 Sed
1051 1716 1083 1770 et
1104 1708 1237 1792 insuper
1258 1706 1329 1771 lites
1344 1707 1508 1770 innumere

320 1824 352 1878 et
384 1816 602 1878 contentiones
632 1815 715 1877 inter
738 1834 849 1877 servos
872 1811 925 1876 dei
949 1813 1141 1895 excitantur,
1169 1834 1320 1876 rancores
1352 1822 1384 1876 et
1411 1813 1509 1896 iurgia

319 1921 513 2001 nutriuntur,
536 1916 725 2003 pluralitatis
741 1917 967 1981 benefitiorum
988 1916 1116 1980 fovetur
1130 1916 1271 1996 ambitio,
1290 1916 1460 1980 facultates
1481 1924 1510 1978 et

319 2025 476 2110 peccunic
500 2045 671 2107 regnorum
694 2030 727 2085 et
753 2023 992 2108 provinciarum
1023 2023 1139 2085 mirum
1169 2023 1201 2084 in
1231 2020 1362 2086 modum
1393 2020 1508 2084 exhau-

321 2129 454 2209 riuntur,
477 2149 636 2212 pauperes
665 2124 877 2190 discurrendo
907 2125 951 2190 ad
973 2125 1152 2190 Romanam
1182 2127 1305 2190 curiam
1333 2128 1508 2190 innumera·

319 2231 400 2295 biles
417 2233 604 2296 vexationes
627 2231 766 2296 subeunt
789 2241 822 2295 et
843 2233 926 2295 inter
945 2233 1072 2295 viarum
1095 2228 1280 2294 discrimina
1294 2252 1510 2315 nouumquam

320 2336 496 2423 spoliantur
518 2334 709 2400 occiduntur
731 2345 763 2400 et
784 2336 882 2398 variis
904 2333 1092 2420 affliguntur
1114 2334 1259 2420 pestibus
1289 2345 1387 2420 atque
1418 2336 1510 2398 etiam

320 2443 384 2505 suis
408 2443 604 2526 patrimoniis
628 2450 683 2504 aut
697 2449 869 2527 parentum
884 2438 999 2524 opibus
1022 2439 1171 2503 exhausti
1187 2442 1322 2524 egestati
1343 2438 1511 2503 subiacere

320 2556 488 2631 coguntur,
511 2545 639 2632 plurimi
661 2545 786 2630 absque
809 2548 890 2610 iusto
913 2544 1003 2609 titulo
1026 2543 1186 2608 beneficia
1209 2544 1270 2608 sibi
1286 2543 1462 2609 vendicant
1483 2553 1513 2607 et

319 2673 393 2734 non,
418 2649 534 2735 quibus
556 2651 625 2713 iure
649 2648 819 2728 debentur,
843 2648 887 2712 illi
916 2647 1069 2733 obtinent,
1100 2647 1159 2712 sed
1188 2670 1432 2734 nonnumquam
1460 2647 1512 2730 hii,

321 2755 438 2841 quibus
461 2766 517 2819 aut
540 2755 814 2819 circumveniendi
837 2756 1020 2840 proximum
1043 2755 1145 2819 maior
1167 2755 1283 2819 astutia
1305 2754 1429 2819 autad
1458 2754 1513 2818 liti-

322 2858 467 2944 gandum
497 2858 653 2923 faccultas
682 2860 823 2944 suppetit
851 2857 982 2923 uberior
1011 2858 1072 2923 sub
1102 2859 1358 2924 involucionibus
1389 2881 1514 2945 qnoque

320 2966 598 3049 prerogativarum
620 2963 851 3029 antelationum
873 2963 1072 3048 aliorumque
1094 2962 1277 3029 huiusmodi
1299 2965 1422 3049 gratias
1445 2986 1514 3028 con-

322 3070 540 3133 comitantium
563 3068 694 3132 fraudes
718 3067 872 3151 plurimas
895 3077 927 3131 et
950 3067 1157 3154 deceptiones
1185 3070 1341 3152 contingit
1366 3069 1513 3133 inveniri.

322 3172 497 3238 Iuvenibus
521 3176 626 3256 ctiam,
650 3175 705 3259 qui
721 3172 826 3237 studio
841 3172 1021 3238 litterarum
1036 3184 1069 3237 et
1083 3175 1232 3238 virtuosis
1249 3173 1401 3259 operibus
1417 3177 1513 3239 inten-

321 3280 398 3345 dere
423 3279 590 3357 deberent,
614 3278 710 3343 datur
726 3279 862 3343 materia
878 3278 1049 3363 evagandi,
1065 3280 1120 3364 qui
1135 3280 1244 3363 sepius
1259 3299 1319 3364 per
1332 3278 1437 3343 litium
1452 3300 1514 3342 am-

321 3386 442 3450 fractus
465 3394 497 3449 et
518 3386 625 3448 varios
649 3382 814 3448 discursus
837 3386 958 3448 ratione
980 3386 1155 3468 gratiarum
1178 3386 1321 3468 ipsarum
1344 3384 1515 3449 turbantur

322 3499 355 3553 et
384 3491 610 3575 inquietantur,
643 3488 812 3552 ordinariis
844 3487 1049 3553 collatoribus
1078 3511 1171 3553 suurn
1201 3490 1415 3553 ministerium
1445 3487 1515 3552 sub·

320 3593 457 3657 trahitur
480 3603 512 3658 et
534 3592 742 3658 confunditur
764 3592 842 3658 ordo
866 3591 1114 3675 ecclesiasticus,
1145 3591 1223 3657 dum
1252 3594 1428 3678 unicuique
1458 3615 1516 3656 sua

321 3696 496 3762 iurisdictio
521 3719 584 3761 non
608 3706 766 3779 servatur,
790 3696 991 3788 Romanique
1013 3696 1191 3782 pontifices,
1215 3695 1293 3761 dum
1315 3697 1418 3762 offitia
1441 3697 1516 3763 infe-

322 3804 440 3866 riorum
464 3801 524 3867 sibi
547 3804 679 3866 nimium
702 3802 888 3886 vendicant,
911 3825 931 3865 a
954 3800 1127 3866 maioribus
1150 3810 1183 3865 et
1211 3803 1315 3886 magis
1343 3801 1516 3867 fructuosis

322 3905 474 3990 operibus
498 3906 681 3971 universale
704 3906 825 3972 bonum
848 3905 1117 3971 concernentibus
1133 3904 1339 3970 retrahuntur
1355 3930 1418 3970 nec
1441 3906 1516 3970 infe·

322 4012 441 4074 riorum
479 4009 646 4076 directioni
683 4020 781 4096 atque
816 4012 1006 4075 correctioni
1039 4009 1222 4093 invigilant,
1261 4012 1353 4074 sicuti
1385 4010 1517 4095 publica

323 4115 440 4180 utilitas
462 4120 618 4201 exposcit,
642 4140 705 4202 que
729 4118 836 4181 omnia
858 4140 992 4201 gravem
1016 4116 1234 4181 confusionem
1257 4118 1352 4182 statui
1375 4114 1517 4181 clericali

322 4244 361 4285 ac
383 4221 574 4286 sacerdotali
596 4224 627 4285 in
644 4220 850 4306 dispendium
865 4219 963 4285 divini
984 4219 1089 4285 cultus
1112 4230 1144 4285 et
1159 4221 1371 4307 preiudicium
1386 4220 1517 4306 publice

322 4325 432 4389 salutis
454 4325 594 4390 afferunt
616 4334 811 4411 possentque
834 4327 1017 4411 graviorem
1039 4328 1072 4390 in
1088 4326 1232 4390 futurum
1247 4326 1364 4390 afferre
1387 4327 1516 4389 ruinam

323 4428 420 4495 rebus
444 4428 503 4493 hiis
526 4431 557 4492 in
583 4430 743 4495 deteriora
773 4432 891 4515 iugiter
913 4430 1185 4515 prolabantibus,'’
1208 4432 1270 4494 nisi
1292 4428 1519 4515 provideretur

322 4536 354 4598 in
385 4532 569 4598 adversum.
615 4534 736 4599 Volens
771 4538 879 4620 itaque
913 4534 975 4599 hec
1009 4544 1120 4599 sancta
1154 4533 1297 4620 synodus
1328 4556 1427 4620 super
1458 4534 1517 4598 hiis

323 4760 402 4813 1231.
425 4763 438 4795 ¹²
458 4762 520 4814 cod.
534 4770 598 4813 statt
612 4762 810 4829 probabantidaa.
