3250 5500
355 499 418 563 338

458 692 510 742 Die
529 692 594 744 Urk.
608 694 685 744 weirt
702 693 764 743 eine
786 691 912 758 doppeite
930 692 1081 757 Datiernng
1103 691 1173 742 nach
1196 690 1244 742 der
1261 690 1409 756 Handlnng
1425 690 1480 740 und
1496 690 1541 740 Bo

355 779 518 847 urkundung
536 780 591 830 auf.

461 1003 500 1017 ..
526 1003 533 1017 .
557 951 741 1036 [Pau]lus‘¹
773 953 827 1018 dei
857 964 890 1019 ct
920 951 1092 1040 apostolice
1123 951 1210 1016 sedis
1239 953 1351 1035 gracia
1381 953 1543 1036 episcopus

356 1056 579 1122 Olomucensis
607 1068 717 1122 notum
748 1057 883 1122 facimus
906 1067 1017 1122 tenore
1044 1058 1248 1143 presencium
1270 1057 1438 1138 universis,
1466 1053 1546 1140 quod

357 1184 431 1227 curn
455 1171 595 1227 castrum
619 1171 763 1227 nostrum
786 1163 934 1228 Blansk·
952 1211 1470 1228 .....................
1486 1161 1546 1223 suis

355 1269 562 1353 pertinenciis
586 1289 711 1332 necnon
736 1289 836 1332 censu
859 1269 972 1352 viginti
994 1276 1132 1353 quatuor
1158 1289 1341 1330 marcarum
1370 1286 1546 1351 grossorum

356 1373 390 1435 in
413 1371 580 1436 theoloneo
603 1382 711 1436 nostro
734 1373 895 1437 Brunensi
918 1395 976 1457 per
999 1381 1123 1435 nostros
1153 1392 1356 1455 precessores
1387 1371 1547 1455 episcopos

358 1475 486 1540 cuidam
501 1475 703 1559 Wilbel[mo]
722 1524 1022 1541 ..........
1041 1473 1184 1540 Waldck
1200 1477 1234 1540 in
1249 1475 1448 1558 sexingentis
1463 1495 1547 1537 sexe-

356 1582 447 1664 genis
470 1602 654 1665 grossorum
677 1581 774 1646 fuerit
796 1581 973 1666 obligatum
996 1591 1029 1645 et
1050 1581 1203 1665 temporis
1231 1601 1385 1643 successu
1416 1588 1548 1643 castrum

358 1684 540 1770 predictum
563 1708 638 1750 cum
661 1683 844 1750 huiusmodi
866 1685 1066 1770 obligacione
1089 1687 1121 1748 in
1139 1683 1228 1748 etad
1243 1706 1357 1748 manus
1373 1705 1413 1747 ac
1433 1704 1547 1768 posses·
1623 1754 1624 1759 η

358 1791 480 1854 sionem
505 1840 970 1855 ...............
994 1789 1141 1854 studnicz
1164 1787 1358 1872 devenisset,
1382 1789 1437 1874 qui
1466 1786 1548 1851 nobis
1623 1806 1624 1857 t

359 1892 400 1957 de
424 1916 462 1957 eo
486 1893 704 1958 conscendere
727 1893 837 1978 noluit,
862 1895 921 1959 nisi
945 1896 1144 1980 sexingentia
1166 1895 1339 1978 sexagenis
1368 1913 1547 1978 grossorum

358 1997 419 2061 sibi
443 1996 535 2062 datis.
568 1997 700 2083 Nosque
723 2001 881 2084 timentes,
906 2021 946 2063 ne
969 1997 1024 2063 tali
1048 1997 1153 2062 colore
1175 1997 1358 2062 huiusmodi
1382 2046 1546 2063 ......
1623 2030 1624 2075 1

359 2153 725 2168 ............
749 2113 859 2168 nostra
881 2102 1020 2167 totaliter
1041 2102 1245 2186 alienaretur,
1276 2102 1417 2167 liberare
1447 2111 1548 2166 tamen

359 2214 391 2269 ct
415 2205 568 2270 exolvere
597 2206 676 2271 illud
706 2209 844 2293 propriis
877 2204 1085 2271 facultatibus
1118 2229 1182 2271 non
1213 2205 1369 2290 valentes,
1403 2215 1549 2269 strennuo
1623 2256 1624 2261 ,

359 2309 449 2374 militi
477 2309 604 2374 domino
635 2311 790 2375 Benessio
822 2310 863 2374 de
901 2310 1067 2397 Milyczyn
1093 2359 1548 2376 ...............
1623 2302 1624 2305 “

358 2417 592 2479 communicato
623 2415 763 2502 desuper
793 2414 1034 2480 venerabilium
1066 2415 1201 2481 fratrum
1230 2424 1411 2480 nostrorum
1443 2413 1550 2478 decani

360 2527 392 2583 et
414 2518 546 2605 capituli
577 2519 713 2584 ecclesie
744 2529 852 2584 nostre
883 2519 1107 2586 Olomucensis
1138 2531 1262 2585 maturo
1290 2519 1423 2584 consilio
1454 2517 1552 2583 eidem

359 2623 525 2708 Benessio,
553 2623 594 2688 de
626 2645 688 2710 quo
719 2622 848 2709 plenam
879 2623 1006 2707 fi[dem]
1031 2673 1464 2689 ..............
1488 2643 1551 2686 con·
1623 2614 1624 2683 ἐ

358 2727 532 2793 fidenciam
568 2732 788 2795 consensimus
822 2728 1018 2813 redimendi,
1053 2731 1108 2817 qui
1138 2729 1311 2795 Benessius
1349 2732 1552 2813 sexingentos

359 2855 542 2918 sexagenas
565 2856 749 2920 grossorum
772 2835 985 2919 Pragensium
1018 2833 1124 2899 eidem
1147 2834 1283 2899 Iohanni
1307 2833 1397 2898 dedit
1428 2844 1461 2899 et
1488 2856 1550 2919 per·
1622 2875 1623 2894 r

360 2937 456 3001 solvit
489 2940 628 3023 pecunia
662 2949 777 3023 parata
807 2949 840 3004 et
863 2988 1227 3005 ............
1257 2939 1384 3002 effectu.
1436 2938 1552 3003 Verum
1622 2933 1623 2944 ¹

360 3062 418 3105 nos
442 3041 682 3107 considerantes
706 3042 783 3107 dicti
814 3044 909 3107 castri
940 3044 1136 3129 posicionem
1159 3051 1192 3106 et
1213 3052 1430 3127 proventuum
1460 3043 1552 3128 ipsius
1622 3077 1623 3084 κ

361 3148 581 3231 quantitatem,
605 3148 749 3212 volentes
771 3149 872 3233 ipsius
894 3148 1089 3234 posicionem
1105 3146 1244 3212 reddere
1266 3144 1432 3212 meliorem
1455 3155 1552 3210 certas

360 3250 453 3315 villas
478 3301 1038 3317 ..................
1063 3260 1096 3315 ct
1119 3250 1233 3336 Vgczd
1263 3274 1329 3316 una
1355 3272 1431 3315 cum
1461 3250 1552 3345 silvis,

360 3354 545 3419 nemoribus
569 3365 601 3420 et
623 3356 754 3441 singulis
779 3379 890 3420 earum
912 3357 1118 3443 pertinenciis
1140 3355 1183 3419 ab
1210 3358 1341 3441 antiquo
1364 3355 1407 3421 ad
1425 3354 1551 3421 easdem

362 3460 583 3543 spectantibus
612 3469 690 3525 tunc
725 3460 768 3526 ad
799 3481 857 3525 nos
891 3460 986 3545 pleno
1021 3462 1090 3524 iure
1124 3459 1210 3525 feodi
1243 3460 1412 3525 devolutas
1449 3469 1481 3524 et
1514 3480 1552 3523 ex
1621 3517 1622 3534 ,

363 3562 1396 3649 licencia......................pibus
1428 3564 1553 3649 regibus

361 3668 493 3733 Boemie
515 3671 632 3733 nostris
654 3668 896 3755 precessoribus
918 3678 952 3733 et
966 3691 1075 3733 eorum
1092 3668 1333 3734 successoribus
1356 3668 1435 3735 data
1449 3689 1553 3734 mense

361 3782 469 3836 nostre
492 3773 682 3859 episcopalis
704 3776 925 3859 incorporatus
941 3783 974 3837 et
988 3795 1135 3838 annexas
1158 3772 1200 3837 ad
1215 3772 1397 3859 predictum
1415 3784 1550 3838 castrum

361 3876 502 3941 Blanssk
532 3900 643 3965 perpe·
673 3926 1169 3944 ................
1197 3878 1422 3963 asscripsimns
1454 3888 1486 3943 et
1512 3879 1553 3941 in·

360 3983 593 4047 visceravimus
616 3984 673 4067 sic,
697 3982 783 4068 quod
806 3982 939 4049 easdem
962 3982 1054 4048 villas
1077 3985 1109 4047 in
1132 3992 1262 4047 centum
1277 3984 1452 4067 sexagenis
1474 4002 1553 4047 com·

361 4087 555 4170 putavimus,
586 4108 666 4173 quas
697 4096 827 4151 centum
857 4109 1039 4173 sexagenas
1070 4108 1255 4173 grossorum
1288 4085 1374 4150 dicto
1404 4085 1553 4151 Benessio

362 4190 479 4255 intuitu
502 4212 564 4255 ser·
590 4241 1117 4259 .................
1141 4189 1263 4273 [n]obis
1286 4201 1318 4255 et
1332 4190 1470 4255 ecclesie
1483 4198 1553 4254 actu

363 4294 519 4380 impendit
541 4305 575 4361 ot
596 4296 743 4361 exhibuit
766 4298 854 4360 etin
877 4297 1019 4361 futurum
1049 4298 1250 4380 prestancior
1280 4297 1341 4359 crit
1369 4293 1552 4382 impendere

363 4408 395 4463 et
419 4398 586 4484 exhibere,
622 4399 770 4466 dedimus
798 4411 831 4466 et
862 4400 1053 4466 donavimus
1083 4400 1352 4487 presentibusque
1382 4400 1496 4465 damus
1524 4405 1554 4460 et

363 4658 450 4713 1264.
475 4670 488 4695 ⁸
506 4660 600 4711 Ltlcke
618 4661 677 4711 hier
695 4662 748 4712 und
767 4662 916 4713 weitorbin.

466 4782 476 4813 ¹
498 4785 564 4832 1434
583 4782 640 4832 Oet.
655 4785 775 4834 3-1450
793 4784 862 4835 Juni
880 4786 895 4832 2
913 4782 1016 4849 (Gamo,
1034 4785 1122 4835 Series
1139 4799 1191 4849 ep,
1203 4783 1230 4834 S.
1243 4781 1314 4851 298).
