3250 5500
1240 482 1300 547 151

106 671 266 758 legitimos
288 682 322 737 et
342 671 538 739 indubitatos
556 683 782 759 procuratores
796 683 923 739 actores
937 673 1079 739 faetores
1095 678 1301 760 negociorum

5 771 6 776 ’
106 799 239 843 suorum
261 787 408 863 gestures
430 788 463 843 et
483 779 618 842 nuncios
641 777 808 864 speciales,
832 777 1051 845 venerabilem
1074 782 1180 845 virum
1204 780 1300 847 domi-

105 904 183 947 num
205 880 379 947 Andream
400 880 442 947 de
465 880 682 969 Grillenberg,
705 885 896 949 canonicum
919 883 1055 949 ecclesie
1078 894 1110 949 et
1132 885 1301 952 officialem

105 988 195 1052 curie
210 988 426 1069 Pataviensis,
445 1008 572 1051 necnon
587 986 792 1053 honorabiles
806 990 892 1053 viros
908 988 1054 1055 dominos
1068 989 1253 1056 Conradum
1268 994 1301 1055 iu

103 1092 214 1176 Neris,
240 1092 431 1157 Heiuricum
451 1091 716 1179 Symphonistrun
739 1093 781 1158 ad
798 1094 955 1160 Sanctum
970 1094 1125 1160 Georium
1148 1098 1180 1161 in
1196 1096 1301 1162 Atter·

103 1204 176 1284 gew
207 1208 244 1263 et
264 1197 466 1285 Stephanum
489 1197 631 1263 Guldein
662 1200 696 1263 in
719 1198 937 1283 Holkirchen‚
961 1198 1171 1265 ecclesiarum
1194 1222 1289 1286 perro

104 1302 262 1368 cbialium
294 1316 446 1386 rectores,
480 1301 632 1368 absentes
665 1312 830 1389 tamquam
864 1314 1030 1389 presentes
1064 1314 1096 1369 et
1126 1304 1302 1391 quemlibet

5 1405 7 1464 ι
103 1408 251 1493 ipsorum
283 1408 316 1471 in
351 1404 487 1471 solidum
520 1408 574 1491 ita,
610 1406 697 1494 quod
726 1430 790 1473 uon
821 1411 861 1473 sit
891 1408 1003 1473 melior
1033 1407 1178 1473 condicio
1209 1431 1300 1474 occu·

5 1575 7 1596 ‚
103 1515 223 1598 partis,
255 1510 315 1575 sed
345 1510 432 1597 quod
461 1533 521 1597 per
549 1534 649 1577 unum
679 1514 844 1599 inceptum
873 1512 979 1597 fuerit,
1014 1512 1094 1579 alter
1123 1513 1301 1581 eorundem

102 1618 260 1703 prosequi
290 1614 397 1681 valeat
425 1615 569 1682 mediare
601 1626 633 1681 et
662 1617 765 1699 finire,
797 1617 879 1681 dans
910 1628 941 1683 et
971 1616 1155 1684 concedens
1178 1618 1301 1684 eisdem

5 1801 6 1810 ἵ
103 1724 170 1787 suis
202 1720 468 1807 procuratoribus
497 1721 628 1807 plenam
658 1720 793 1787 liberam
817 1732 850 1787 et
872 1722 1087 1789 omnimodam
1110 1733 1301 1809 potestatem

5 1819 7 1904 l
101 1850 142 1891 ac
164 1826 358 1892 mandatum
382 1824 523 1912 speciale
545 1825 588 1889 ad
611 1826 864 1911 comparendum
887 1849 944 1913 pro
968 1848 1006 1891 eo
1029 1836 1061 1893 et
1084 1830 1151 1893 eius
1172 1831 1301 1894 nomine

5 1907 7 1928 l
102 1953 217 1997 coram
250 1929 431 1996 reverendo
460 1933 494 1995 iu
522 1929 651 1996 Christo
679 1942 771 2017 patre
802 1941 835 1997 et
865 1931 993 1998 domino
1023 1932 1152 1999 domino
1183 1932 1300 2000 Georio

5 2023 6 2030 ἵ
102 2040 259 2123 episcopo
283 2036 469 2101 Pataviensi
499 2034 551 2101 vel
580 2034 622 2099 ab
650 2034 765 2101 eodem
787 2036 916 2102 domiuo
940 2039 1091 2124 episcopo
1113 2039 1301 2104 mandatum

5 2207 6 2212 ,
101 2152 135 2209 et
164 2143 393 2207 auctoritatem
419 2139 462 2205 ad
484 2140 689 2226 infrascripta
710 2139 907 2205 habentibus
930 2140 1172 2228 adpetendum
1195 2143 1301 2209 eidem

102 2247 238 2313 domino
264 2244 417 2310 Michaeli
446 2243 489 2308 de
517 2253 676 2331 perpetua
706 2247 803 2310 missa
833 2267 891 2331 per
920 2245 1089 2311 honestam
1119 2246 1300 2331 Elisabeth,

5 2365 7 2408 t
101 2352 254 2417 relictam
277 2349 439 2436 quondam
462 2348 614 2414 Iohannis
637 2348 678 2414 de
700 2348 793 2414 Ybsa
814 2350 930 2433 militis,
957 2353 990 2415 in
1013 2352 1106 2416 altari
1130 2350 1301 2417 duodecim

5 2433 7 2492 l
103 2455 325 2544 apostolorum
346 2456 381 2519 iu
403 2453 540 2519 ecclesia
563 2453 733 2540 collegiata
754 2456 858 2519 sancti
881 2455 1035 2542 Stephani
1058 2456 1138 2521 alias
1161 2458 1302 2523 omnium

102 2572 294 2628 sanctorum
316 2560 508 2626 Wienuensi
537 2558 673 2625 fundata
703 2568 736 2623 et
767 2559 876 2625 dotata
906 2561 991 2626 dicte
1013 2560 1214 2627 Pataviensis
1238 2562 1302 2627 dio·

102 2669 187 2733 cesis
221 2688 297 2731 curn
329 2664 476 2730 omnibus
505 2662 628 2729 iuribus
659 2674 692 2729 et
717 2667 917 2750 pertinentiis
941 2668 1007 2731 suis
1030 2667 1188 2731 universis
1210 2668 1301 2732 iuxta

5 2842 7 2855 ,
103 2785 135 2839 et
168 2771 354 2838 secundum
392 2773 493 2857 ipsius
531 2772 783 2856 presentacionis
823 2774 1050 2838 continentiam
1089 2783 1121 2837 et
1157 2782 1302 2838 tenorem

101 2876 272 2964 provideri
301 2897 341 2941 ac
370 2877 475 2962 ipsum
504 2874 546 2940 ad
574 2897 646 2940 eam
667 2877 789 2940 institui
812 2886 844 2940 et
866 2875 907 2940 de
932 2898 970 2941 ea
992 2876 1137 2940 investiri
1159 2879 1299 2963 resigna·

102 2985 209 3064 cione,
239 3003 340 3046 causa
368 2981 616 3067 permutaciouis
645 2979 753 3045 fienda
784 2979 955 3046 dumtaxat
982 2979 1127 3046 eiusdem
1150 2983 1246 3046 misse
1269 2983 1303 3048 in

101 3085 257 3152 manibus
281 3085 358 3150 dicti
381 3083 500 3150 domini
516 3087 657 3172 episcopi
672 3084 726 3150 vel
741 3088 809 3150 eius
825 3084 932 3150 adhuc
947 3094 1137 3172 potestatem
1153 3085 1302 3151 habentis

101 3214 162 3278 per
186 3189 411 3256 honorabilem
426 3191 532 3255 virum
548 3188 712 3255 dominum
728 3190 883 3257 Georium
899 3189 1187 3277 Weikgerstorffer
1201 3191 1302 3276 ipsius

101 3307 267 3362 rectorem
289 3295 376 3360 lacta
398 3295 678 3380 iuramentumque
700 3292 862 3358 fidelitatis
885 3305 917 3360 et
940 3292 1127 3360 obediencie
1148 3317 1187 3359 ac
1204 3294 1301 3381 quod-

101 3401 184 3467 libet
205 3403 242 3466 in
264 3401 428 3487 premissis
450 3399 571 3464 licitum
595 3410 628 3464 et
648 3401 866 3464 necessarium
892 3397 1092 3484 precandum
1115 3399 1301 3486 litterasque

102 3529 161 3592 pro
194 3505 363 3593 premissis
392 3514 424 3569 et
454 3502 632 3569 secundum
664 3502 850 3589 qualitatem
880 3505 1005 3590 negocii
1036 3505 1236 3568 necessarias
1271 3514 1303 3569 et

103 3621 283 3699 oportrmas
314 3608 524 3675 obtinendum
555 3617 587 3674 et
616 3606 791 3694 petendum
822 3630 922 3674 unum
944 3607 998 3673 vel
1020 3607 1129 3696 plures
1151 3631 1302 3695 procura-

103 3727 211 3782 torem
242 3736 301 3779 seu
330 3723 556 3800 procuratores
582 3712 653 3778 loco
675 3715 725 3777 sui
747 3712 800 3777 vel
822 3712 954 3778 alterius
977 3735 1088 3778 eorum
1110 3712 1301 3778 substituen-

104 3821 185 3886 dum
210 3829 245 3884 et
268 3841 343 3884 eum
364 3818 418 3884 vel
442 3841 496 3884 eos
519 3817 740 3883 revocandum
763 3827 796 3883 et
818 3819 920 3883 omnis
942 3819 1173 3904 procurationis
1196 3818 1302 3883 buius-

104 3925 194 3992 modi
218 3927 337 3990 iterum
358 3926 450 3990 inse
472 3921 739 3989 reassumendum
760 3922 893 4001 tociens,
918 3925 1072 4008 quociens
1094 3921 1192 3987 fuerit
1214 3944 1302 4009 opor·

104 4040 233 4116 tunam,
264 4039 298 4096 et
327 4028 521 4116 generaliter
551 4029 657 4095 omnia
686 4027 749 4092 alia
776 4037 809 4092 et
831 4026 957 4113 singula
979 4026 1165 4093 faciendum
1187 4049 1302 4113 procu-

104 4135 249 4202 randum
279 4133 455 4221 petendum
485 4143 518 4199 et
547 4133 778 4216 exercendum,
806 4155 870 4219 que
900 4131 942 4196 ad
974 4131 1243 4218 complementum
1271 4142 1303 4198 et

105 4243 343 4306 execucionem
380 4240 523 4304 omnium
559 4247 592 4304 et
624 4236 822 4322 singulorum
856 4239 1085 4323 premissorum
1118 4237 1302 4302 necessaria

105 4346 230 4411 inerint
258 4342 498 4430 quomodolibet
526 4365 584 4407 seu
613 4351 769 4429 oportuna
799 4350 832 4406 et
859 4363 922 4427 que
944 4341 1082 4427 ipsemet
1104 4343 1300 4407 constituens

106 4451 235 4516 lacent
264 4471 323 4514 seu
352 4448 462 4515 facere
491 4449 600 4534 possit,
631 4449 658 4511 si
687 4447 851 4534 premissis
882 4445 1094 4532 personaliter
1121 4446 1301 4528 interesset,

106 4556 365 4642 promittensque
401 4551 498 4619 michi
535 4555 659 4618 notario
696 4550 825 4637 publico
860 4549 1040 4638 subscripto
1073 4550 1237 4636 stipulanti
1270 4560 1302 4614 et

13 4700 17 4713 ·
107 4661 278 4748 recipienti
300 4660 374 4724 rice
397 4670 430 4724 et
450 4659 578 4724 nomine
602 4659 753 4740 omnium,
777 4677 914 4743 quorum
935 4657 1069 4721 interest
1090 4653 1144 4720 rel
1159 4657 1304 4720 intererit

110 4786 168 4830 seu
196 4767 355 4830 interesse
385 4764 510 4849 poterit,
541 4771 703 4828 seratum
725 4769 854 4847 gratum
876 4770 972 4847 atque
996 4760 1123 4826 firmum
1145 4769 1301 4847 perpetuo
