3250 5500
1244 499 1287 564 49

95 695 161 752 orta
189 688 276 752 inter
305 689 412 772 ipsum
439 709 481 752 ex
503 710 569 753 una
591 697 683 774 parte
705 711 745 754 ac
767 689 920 756 abbatem
944 700 976 755 et
998 701 1193 757 conventum
1216 715 1286 778 pre-

95 790 195 856 dictos
228 815 268 856 ac
299 791 453 856 dilectum
482 792 584 857 filium
606 793 792 860 Erhardum
815 794 857 859 dc
879 795 1131 882 Weykarstorff,
1153 797 1287 883 presby·

94 905 197 960 terum
233 895 321 961 dicte
349 897 552 963 Patavisnsis
587 897 734 982 diocesis,
765 921 865 986 super
894 922 943 977 eo,
974 901 1060 986 quod
1090 901 1287 966 Laurentius

94 1000 234 1066 eandem
264 1001 436 1066 ecclesiam
465 1005 498 1066 in
521 1003 685 1068 Mauttarn
713 1006 825 1088 vigore
847 1003 1006 1069 dictarum
1028 1005 1207 1070 litterarum
1229 1029 1288 1092 per

92 1127 147 1171 nos
171 1104 299 1170 eisdem
321 1105 481 1172 iudicibus
505 1105 709 1172 decretarum
731 1107 792 1173 sibi
815 1107 928 1174 deberi
952 1107 1120 1196 dictosque
1134 1110 1288 1175 abbatem

1 1225 2 1270 l
93 1220 123 1274 et
145 1219 347 1276 conventum
369 1210 508 1275 eundem
530 1210 715 1277 Erbardum
737 1215 771 1277 in
794 1212 881 1277 dicta
903 1213 1041 1278 ecclesia
1068 1217 1100 1278 in
1123 1213 1288 1279 Mauttarn

1 1319 2 1360 Ὗ
92 1317 261 1380 intrusisse
293 1313 478 1401 dictumque
501 1315 687 1380 Erhardum
717 1316 855 1382 eandem
885 1318 1055 1384 ecclesiam
1078 1318 1222 1383 detinere
1243 1321 1288 1383 in·

1 1471 2 1504 ,
93 1419 202 1486 debite
237 1429 429 1506 occupatam
461 1441 587 1486 necnon
618 1419 748 1486 eosdem
778 1420 932 1486 abbatem
961 1431 995 1487 et
1024 1432 1219 1488 conventum
1250 1445 1289 1488 ac

1 1509 2 1522 ¹
93 1523 283 1589 Erhardum
305 1523 512 1610 impedivisse
535 1546 575 1588 ac
597 1524 764 1611 impedire,
793 1529 962 1611 quominus
984 1526 1089 1592 eidem
1114 1527 1289 1593 Laurentio

94 1628 133 1694 de
155 1631 232 1714 ipsa
254 1628 393 1694 ecclesia
414 1631 447 1694 in
470 1629 636 1695 Mauttarn
658 1630 892 1715 provideretur.
922 1630 1037 1696 Abbas
1060 1654 1137 1696 vero
1161 1641 1193 1695 et
1215 1653 1288 1695 con·

93 1745 211 1800 ventus
235 1757 364 1800 necnon
379 1733 544 1800 Erhardus
567 1733 705 1821 predicti
728 1734 867 1801 eandem
887 1735 1057 1802 ecclesiam
1076 1739 1110 1801 in
1125 1737 1290 1801 Mauttarn

93 1839 134 1904 ad
157 1842 267 1925 ipsum
289 1838 475 1904 Erhardum
498 1839 540 1903 de
562 1841 631 1903 iure
656 1849 802 1924 spectare
826 1839 1016 1906 asserebant
1037 1864 1079 1905 ex
1102 1841 1204 1905 altera
1225 1863 1290 1904 ma·
1370 1910 1373 1917 .

91 1946 173 2008 teria
197 1945 374 2030 questionis
397 1953 429 2008 et
452 1965 551 2008 causa
572 1943 754 2009 huiusmodi
777 1943 820 2008 ad
843 1943 955 2010 sedem
976 1947 1135 2032 prefatam
1149 1946 1290 2031 legitime

1 2081 2 2084 ¹
93 2048 288 2114 introducta.
333 2048 401 2114 Nos
432 2070 563 2113 causam
591 2050 697 2134 ipsam
727 2047 844 2114 dilecto
874 2049 939 2114 lilio
969 2053 1122 2134 magistro
1155 2048 1291 2114 Iohanni

93 2155 213 2236 Prene,
243 2153 412 2240 capellano
441 2163 549 2218 nostro
578 2162 610 2218 et
631 2152 767 2218 auditori
791 2175 963 2220 causarum
984 2155 1094 2241 palatii
1116 2155 1290 2241 apostolici,

1 2337 2 2350 χ
93 2258 136 2323 ad
166 2260 353 2323 instantiam
385 2257 462 2322 dicti
484 2257 650 2322 Laurentii
680 2259 782 2343 primo
806 2267 839 2323 et
860 2257 978 2324 deinde
1001 2282 1043 2323 ex
1066 2262 1163 2324 certis
1186 2261 1292 2323 causis

1 2352 2 2356 ¹
93 2362 275 2428 venerabili
309 2363 399 2427 fratri
433 2371 540 2428 nostro
574 2361 718 2447 Nicolao,
753 2365 904 2450 episcopo
934 2363 1202 2449 Ferentinatensi,
1237 2365 1291 2449 qui

1 2501 2 2506 κ
93 2479 173 2532 tunc
195 2467 304 2533 locum
327 2470 421 2532 unius
445 2490 488 2531 ex
510 2465 711 2532 auditoribus
734 2489 905 2533 causarum
929 2468 1006 2533 dicti
1020 2469 1130 2555 palatii
1147 2469 1188 2533 de
1203 2489 1291 2532 man-

95 2572 172 2638 dato
203 2581 313 2637 nostro
343 2572 484 2655 tenebat,
515 2581 611 2658 prout
631 2581 730 2656 tenet,
754 2571 951 2638 audiendam
975 2576 1237 2638 commiseramus
1261 2581 1294 2636 et

1 2741 2 2759 ,
95 2677 162 2742 fine
184 2677 295 2742 debito
318 2677 554 2743 terminandam
577 2699 617 2742 ac
633 2679 828 2762 successive,
851 2687 1021 2765 postquam
1036 2678 1123 2743 idem
1139 2677 1293 2742 Nicolaus

1 2770 2 2829 Ῐ
96 2788 269 2871 episcopus
298 2786 332 2849 in
362 2806 460 2850 causa
489 2783 674 2849 huiusmodi
703 2783 745 2848 ad
775 2784 943 2849 nonnullos
965 2795 1056 2851 actus
1079 2788 1163 2849 inter
1184 2797 1293 2870 partes

95 2892 183 2975 ipsas
217 2899 429 2975 processerat,
453 2889 506 2953 lite
529 2888 711 2953 huiusmodi
734 2892 780 2953 sic
804 2910 913 2954 coram
937 2889 1051 2955 eodem
1074 2890 1206 2954 Nicolao
1230 2893 1294 2975 epi-

95 3016 196 3079 scopo
229 2992 374 3059 indecisa
407 2991 570 3079 pendente
604 2992 691 3058 idem
721 2992 891 3058 Erhardus
923 3004 1001 3058 tunc
1030 2997 1063 3058 in
1093 2996 1293 3079 possessione

95 3101 199 3185 ipsius
226 3097 363 3163 ecclesie
393 3100 427 3161 in
449 3098 614 3162 Mauttarn
645 3098 788 3161 existens
818 3100 903 3162 omni
933 3099 992 3162 iuri
1024 3098 1084 3162 sibi
1114 3100 1147 3162 in
1179 3098 1294 3163 cadem

97 3202 239 3269 ecclesia
268 3202 321 3267 vel
350 3199 393 3267 ad
416 3223 489 3267 eam
512 3201 751 3287 quomodolibet
773 3204 967 3288 competenti
988 3205 1020 3268 in
1044 3204 1193 3268 manibus
1216 3203 1294 3268 dicti

95 3307 228 3373 abbatis
255 3316 349 3372 extra
372 3306 510 3371 eandem
534 3309 656 3372 curiam
679 3314 792 3392 sponte
816 3317 849 3370 et
870 3306 972 3372 libere
995 3317 1138 3372 cesserat
1159 3310 1294 3394 ipseque

96 3412 205 3479 abbas
235 3410 418 3477 huiusmodi
441 3414 620 3476 cessionem
643 3420 736 3477 extra
759 3410 898 3477 eandem
921 3414 1044 3477 curiam
1066 3411 1242 3477 admiserat
1264 3424 1296 3478 et

97 3529 167 3584 tam
187 3520 258 3603 ipse
282 3539 379 3603 quam
401 3526 580 3581 conventus
599 3515 783 3581 huiusmodi
803 3515 943 3581 eandem
959 3516 1129 3582 ecclesiam
1143 3520 1177 3583 in
1192 3519 1296 3583 Maut-

96 3632 174 3689 tarn
202 3630 355 3707 pretextu
380 3620 507 3685 illarum
530 3643 589 3706 per
611 3623 716 3706 ipsum
737 3620 1003 3707 predecessorem
1026 3630 1059 3685 et
1080 3621 1215 3687 aliarum
1237 3644 1297 3709 per

97 3750 159 3793 nos
189 3729 236 3792 eis
263 3746 491 3791 concessarum
512 3725 691 3791 litterarum
713 3724 935 3811 predictarum
957 3728 1070 3811 vigore
1093 3725 1299 3791 detinuerant

98 3843 132 3898 et
164 3831 354 3897 detinebant
383 3840 576 3917 occupatam
598 3840 631 3896 et
653 3829 740 3916 quod
762 3842 894 3917 propter
917 3834 1130 3896 cassationem
1152 3834 1296 3896 irritatio

100 3958 176 4003 nem
207 3946 240 4002 et
267 3935 518 4002 annullationem
547 3935 709 4021 predictas
738 3937 798 4019 ius,
827 3935 963 4022 siquod
986 3935 1109 4000 eisdem
1131 3934 1242 4000 abbati
1266 3945 1299 4001 et

100 4042 277 4107 conventui
306 4051 373 4107 tam
403 4040 640 4127 predecessoris
663 4038 808 4104 eiusdem
832 4062 928 4126 quam
950 4049 1133 4104 nostrarum
1156 4042 1201 4104 eis
1226 4062 1296 4105 con-

101 4169 268 4213 cessarum
289 4145 468 4211 litterarum
490 4144 710 4231 predictarum
732 4146 844 4229 vigore
859 4146 892 4208 in
906 4147 978 4230 ipsa
992 4144 1132 4209 ccclesia
1145 4147 1178 4208 in
1194 4144 1298 4209 Maut

101 4262 175 4317 tarn
198 4250 440 4337 quomodolibet
463 4248 668 4337 competebat
690 4258 747 4314 aut
763 4258 946 4335 competere
961 4259 1098 4335 poterat,
1120 4258 1299 4314 vacaverat

103 4369 136 4421 et
149 4356 291 4421 vacabat
306 4366 394 4420 tunc.
424 4355 491 4419 Nos
507 4354 614 4419 eidem
625 4354 760 4419 Nicolao
776 4356 927 4439 episcopo
942 4377 1002 4440 pcr
1016 4353 1096 4418 alias
1111 4364 1238 4418 nostras
1252 4354 1299 4419 lit·

103 4472 189 4525 teras
210 4460 449 4543 mandavimus,
481 4458 567 4545 quod
590 4462 616 4523 si
639 4460 669 4523 ei
692 4457 733 4523 de
756 4460 827 4545 ipsa
849 4461 993 4524 cessione
1015 4481 1075 4544 per
1098 4458 1219 4522 dictum
1242 4459 1299 4522 Er·

104 4564 243 4631 bardum
272 4565 361 4631 facta
391 4574 423 4628 et
451 4564 593 4629 admissa
623 4562 774 4649 quodque
804 4562 904 4627 iidem
933 4562 1037 4628 abbas
1067 4574 1100 4627 et
1121 4574 1299 4627 conventus

105 4672 216 4757 vigore
245 4670 425 4735 litterarum
454 4690 514 4754 per
543 4667 682 4734 eundem
705 4666 971 4755 predecessorem
994 4677 1026 4732 et
1048 4690 1105 4732 nos
1127 4670 1204 4753 ipsis
1227 4688 1299 4731 con·

106 4796 271 4841 cessatum
300 4796 428 4839 necnon
459 4774 610 4839 cessionis
640 4782 674 4837 et
695 4771 898 4837 admissionis
921 4771 1140 4859 predictarum
1163 4771 1300 4836 ecclesie

158 4886 263 4929 Fontes.
284 4886 313 4928 11.
325 4884 389 4927 luth.
408 4884 504 4927 BdAElI.
1128 4879 1145 4927 4
