3250 5500
329 489 372 554 52

330 683 383 762 ita,
414 680 500 768 quod
526 681 622 748 liceat
644 681 767 748 eisdem
789 680 903 748 abbati
926 691 958 747 ot
981 683 1154 747 conventui
1177 680 1374 769 corporalem
1396 701 1514 766 posses-

331 789 453 852 sionem
483 786 661 852 earundem
692 787 829 853 ecclesie
858 789 892 852 in
921 788 1085 853 Mauttarn
1116 797 1149 852 et
1178 789 1299 852 vicarie
1324 787 1516 872 presentium

331 893 441 976 vigore
471 893 660 957 auctoritate
691 894 821 978 propria
851 891 953 957 libere
983 891 1229 978 apprehendere
1258 914 1298 957 ac
1327 893 1359 956 in
1387 911 1458 955 suos
1485 897 1518 954 et

331 995 468 1084 predicti
491 999 673 1062 monasterii
695 1019 773 1062 usus
796 1000 893 1062 etiam
915 996 1001 1062 licite
1023 1006 1180 1084 perpetuo
1202 998 1340 1062 retinere
1355 995 1518 1081 dictasque

332 1100 503 1166 ecclesiam
526 1110 558 1165 et
580 1103 736 1167 vicariam
759 1104 831 1188 regi
853 1102 961 1167 facere
984 1104 1054 1168 sive
1077 1105 1109 1167 in
1132 1101 1254 1167 eisdem
1277 1102 1391 1167 divinis
1405 1099 1520 1186 guber·

331 1207 401 1270 nari
424 1207 456 1271 in
480 1206 628 1272 omnibus
656 1218 688 1272 et
717 1229 776 1294 per
806 1209 914 1273 omnia
942 1209 1035 1272 iuxta
1064 1217 1192 1274 tenores
1214 1206 1340 1274 Urbani
1367 1228 1449 1293 pape
1471 1203 1520 1270 VI

331 1309 570 1396 predecessoris
592 1311 731 1397 predicti
753 1322 786 1377 et
807 1323 992 1378 nostrarum
1014 1312 1193 1378 litterarum
1213 1311 1431 1399 predictarum
1448 1331 1521 1374 nec·

332 1437 397 1480 non
419 1415 661 1502 privilegiorum
684 1420 889 1504 antiquorum
912 1421 958 1483 eis
980 1417 1060 1484 alias
1082 1420 1194 1506 vigore
1216 1417 1409 1484 fundationis
1435 1413 1521 1480 dota·

331 1521 425 1584 tionis
456 1529 488 1585 et
515 1523 764 1588 confirmationis
788 1522 866 1589 dicti
887 1525 1073 1589 monasterii
1095 1545 1134 1587 ac
1155 1525 1189 1588 in
1212 1523 1278 1587 vim
1299 1523 1377 1586 iuris
1400 1530 1431 1585 et
1451 1541 1522 1605 pro

333 1627 477 1710 prietatis
509 1625 593 1691 dicte
621 1627 757 1693 ecclesie
781 1629 814 1693 in
837 1628 1004 1694 Mauttarn
1026 1638 1063 1693 ut
1085 1629 1277 1714 premittitur
1299 1646 1523 1692 concessorum

333 1752 397 1794 non
427 1729 628 1796 obstantibus
659 1733 818 1818 omnibus,
848 1757 911 1819 que
941 1732 1028 1798 idem
1051 1733 1208 1799 Urbanus
1235 1753 1320 1817 papa
1341 1730 1388 1795 Vl
1408 1726 1524 1814 prede·

335 1855 443 1899 cessor
472 1837 504 1899 in
534 1838 600 1900 suis
630 1837 731 1902 voluit
761 1847 793 1903 et
823 1840 920 1904 etiam
949 1837 1020 1922 illis,
1051 1859 1115 1924 que
1140 1859 1199 1902 nos
1221 1838 1254 1901 in
1276 1835 1391 1900 nostris
1411 1833 1525 1898 litteris

333 1938 486 2023 predictis
521 1939 666 2006 eiusdem
700 1943 812 2009 abbati
842 1954 875 2008 et
904 1944 1078 2008 conventui
1108 1942 1270 2008 concessis
1299 1950 1335 2005 ut
1364 1939 1526 2026 prefertur

334 2041 481 2110 volumus
512 2067 575 2110 non
606 2047 735 2114 obstare
766 2047 990 2131 decernentes,
1021 2056 1117 2134 prout
1144 2057 1195 2112 est
1219 2047 1344 2112 irritum
1366 2051 1398 2108 et
1418 2046 1525 2122 inane,

335 2149 360 2210 si
391 2170 485 2213 secus
515 2172 614 2235 super
642 2150 702 2216 hiis
733 2177 753 2219 a
781 2174 944 2238 quoquam
967 2153 1081 2239 quavis
1102 2153 1291 2216 auctoritate
1314 2151 1451 2214 scienter
1470 2145 1528 2212 rel

335 2253 520 2335 ignoranter
542 2263 767 2342 attemptatum
790 2257 899 2322 forsan
923 2266 973 2322 cst
994 2255 1150 2322 hactenus
1165 2256 1218 2320 vel
1233 2258 1438 2340 imposterum
1453 2273 1527 2315 con·

336 2357 445 2440 tigerit
466 2363 658 2445 attemptari.
698 2361 786 2426 Nulli
810 2384 888 2447 ergo
911 2363 1040 2427 omnino
1062 2361 1229 2427 hominum
1249 2360 1345 2424 liceat
1366 2359 1449 2423 hano
1471 2378 1528 2442 pa·

335 2463 444 2545 ginam
467 2472 574 2528 nostre
597 2466 861 2552 incorporationis
883 2467 1077 2532 annexionis
1098 2468 1224 2531 unionis
1246 2474 1280 2530 et
1299 2463 1528 2528 constitutionis

335 2564 510 2651 infringere
541 2569 593 2633 vel
620 2572 650 2636 ei
672 2593 753 2636 ausu
776 2573 948 2636 temerario
971 2573 1140 2636 contraire.
1186 2570 1222 2637 si
1244 2571 1315 2655 quis
1337 2576 1444 2632 autem
1464 2565 1530 2629 hoc

337 2677 526 2757 attemptare
549 2679 790 2762 presumpserit,
814 2675 1070 2762 indignationem
1093 2675 1317 2763 omnipotentis
1340 2672 1393 2736 dei
1407 2680 1440 2735 et
1453 2670 1530 2734 bea-

335 2782 439 2839 torum
461 2777 549 2842 Petri
580 2788 611 2843 et
633 2780 725 2845 Pauli
755 2782 973 2869 apostolorum
1003 2783 1072 2847 eius
1103 2803 1138 2847 se
1166 2782 1293 2845 noverit
1311 2780 1529 2843 incursurum.

337 2878 458 2944 Datum
487 2881 588 2947 Rome
618 2883 705 2970 apud
732 2886 888 2953 Sanctum
918 2887 1052 2952 Petrum
1081 2885 1190 2951 idibus
1219 2886 1303 2969 maii,
1327 2882 1530 2970 pontificatus

337 2984 435 3047 nostri
457 3006 541 3050 anno
564 2990 673 3073 quinto
698 2988 833 3056 decimo.

380 3229 457 3297 943.
942 3243 1025 3302 14⁰4
1041 3245 1156 3316 tuost
1172 3241 1222 3307 1⁰,
1237 3240 1485 3299 unm-umor.

338 3420 403 3484 Abt
418 3420 560 3503 Stephon
582 3445 642 3489 voro
656 3426 916 3493 Kremsmtinster
938 3426 1058 3493 belabat
1072 3426 1244 3493 Eberhard
1264 3426 1326 3491 den
1339 3422 1535 3505 Molibuttyer

593 3531 652 3595 mit
674 3530 852 3596 bermaotca
874 3529 998 3597 Giton
1018 3533 1088 3598 aad
1111 3532 1280 3596 Zebeotea.

443 3718 526 3787 Orig,
544 3722 620 3789 Perg.
656 3724 746 3792 Siegel
764 3741 818 3776 von
836 3724 1042 3791 Perg.·Stroifon
1060 3724 1223 3792 abgofallen.

442 3892 517 3959 er
539 3894 684 3982 Stephon
714 3920 778 3963 von
807 3909 899 3985 gotes
928 3898 1080 3984 genaden
1108 3898 1190 3963 abbt
1219 3898 1277 3963 des
1306 3895 1467 3982 gocabaus
1490 3890 1533 3956 zu

340 3994 605 4065 Kremsmdnster
628 4002 821 4067 becbennen
842 4006 900 4068 mit
923 4002 998 4068 dem
1022 4004 1107 4069 offen
1130 4003 1205 4088 brlf,
1229 4002 1289 4067 das
1311 4023 1371 4067 uns
1386 3998 1445 4064 der
1459 3997 1537 4062 edel

340 4100 407 4165 und
430 4102 526 4169 erbbr
548 4104 655 4192 berre,
678 4106 737 4171 her
760 4108 875 4172 Hanns
898 4130 962 4173 von
978 4108 1100 4174 Trawn
1123 4132 1162 4174 ze
1184 4130 1304 4173 unsern
1320 4104 1450 4171 handen
1464 4102 1535 4167 auf·

340 4204 446 4289 geben
470 4207 526 4273 hat
548 4209 582 4274 di
604 4214 674 4275 vier
696 4219 792 4297 guter
814 4211 959 4277 hernach
982 4212 1206 4297 verschriben‚
1231 4213 1300 4277 ains
1326 4217 1458 4295 genart:
1490 4229 1536 4271 an

341 4308 400 4373 der
422 4310 603 4397 Holczbdb‚
636 4314 698 4378 den
726 4314 909 4399 Krswshof
939 4318 993 4380 ain
1022 4325 1081 4402 gut
1110 4341 1154 4383 an
1184 4316 1244 4382 der
1272 4309 1535 4380 Hdncalukcben

341 4414 407 4477 und
436 4418 487 4480 ain
518 4425 577 4501 gut
606 4418 650 4482 lm
680 4418 836 4485 Dbrnech
866 4420 928 4485 alle
958 4424 1011 4507 pei
1041 4422 1117 4488 dem
1147 4421 1313 4509 Sippach¹
1341 4418 1477 4505 gelegen
1499 4417 1535 4480 in

341 4518 570 4587 Weizklrcher
591 4522 692 4609 pharr
713 4546 829 4588 unsers
851 4524 1017 4610 goczhaus
1038 4522 1250 4611 lehenschaft,
1274 4525 1326 4591 die
1342 4546 1378 4588 er
1392 4544 1455 4588 von
1470 4542 1534 4585 uns

341 4688 547 4697 -——-—

340 4777 406 4833 948.
447 4780 456 4811 ¹
475 4782 600 4850 Sipbach,
620 4784 693 4845 Dori,
712 4784 954 4853 0.·G.A1haming‚
973 4786 1048 4837 s-B.
1064 4788 1215 4853 seaucton,
1232 4788 1327 4838 0.·0e.
