3250 5500
326 548 390 612 436

327 762 390 804 von
421 740 548 804 Merten
583 740 658 805 dem
687 739 801 825 Krlnig
834 740 983 826 gekaufft
1015 739 1083 806 und
1112 763 1175 806 von
1206 740 1338 806 Niklcin
1368 738 1513 828 Eytlpdz,

325 856 489 930 amptman
520 867 561 909 zu
582 844 846 929 Marchartsdon‘,
877 845 1127 932 aufeuphangen
1149 844 1215 929 hat,
1238 844 1305 910 und
1329 845 1385 910 hat
1405 848 1433 909 ir
1454 844 1512 909 das

327 948 497 1013 vermacht
526 951 558 1012 in
589 948 697 1015 sblher
726 959 903 1035 maynung,
935 949 994 1015 das
1024 972 1063 1038 sy
1086 950 1216 1015 dasselb
1245 949 1342 1014 lehen
1371 952 1429 1014 mit
1456 951 1517 1013 ein·
1618 963 1619 978 ¹

328 1051 430 1117 ander
457 1051 560 1118 suiten
584 1052 748 1119 innhaben
771 1054 923 1119 besiczeu
945 1053 1071 1119 ndczen
1094 1054 1162 1119 und
1184 1057 1311 1119 niessen
1334 1054 1402 1119 und
1424 1053 1471 1119 sol
1492 1055 1519 1116 ir

330 1156 444 1223 baider
473 1157 540 1223 und
570 1160 635 1223 irer
665 1158 765 1225 orben
796 1160 943 1225 erkaufts
972 1170 1051 1244 guct
1081 1161 1160 1244 sein,
1191 1182 1285 1254 pann
1309 1180 1348 1245 sy
1372 1158 1430 1223 das
1452 1160 1519 1223 mit·
1619 1183 1620 1242 ι

329 1261 435 1327 sambt
456 1264 500 1327 im
523 1262 661 1328 beczallt
677 1262 740 1330 hat.
772 1262 879 1330 Dabei
894 1266 936 1330 ist
949 1264 1092 1350 gebeseu
1107 1264 1167 1329 her
1181 1263 1334 1331 Wilhalm
1350 1286 1414 1329 von
1430 1262 1519 1349 'lbpl‚

330 1364 444 1431 Hanns
466 1367 718 1453 Freunthauaer‚
742 1367 821 1433 Nikl
836 1367 986 1455 Eytlpoz,
1010 1378 1175 1456 amptman
1198 1392 1239 1434 zu
1255 1367 1521 1451 biarchartadorf7

330 1471 398 1537 und
419 1473 555 1537 Kristan
569 1473 687 1540 Wuczl
710 1496 774 1539 von
798 1473 1018 1539 Menasdort¹

434 1668 513 1718 Notis
531 1668 559 1717 iu
578 1667 641 1717 (lod.
655 1668 680 1716 D
698 1667 716 1718 f.
730 1664 782 1719 95'.

375 1894 475 1963 lm
1137 1902 1484 1976 tmfflmm

331 2088 436 2171 Popst
459 2088 613 2155 Nicotaus
628 2088 664 2153 V.
685 2089 876 2171 dispersim
897 2089 950 2152 die
971 2087 1293 2155 Bcrwdietinerioaea
1314 2090 1351 2153 io
1372 2086 1527 2170 Gottweio

332 2213 405 2259 aum
427 2193 568 2259 Genusus
594 2215 654 2259 voa
677 2193 926 2277 Pleisclrspeisea
954 2214 1000 2258 aa
1020 2194 1089 2259 drci
1112 2193 1339 2277 Wochcotoqea
1360 2195 1420 2258 mit
1443 2194 1528 2259 Aoo-

653 2298 768 2363 oobme
789 2300 847 2363 der
868 2298 1201 2382 Quadrupesimolaeit.

437 2472 520 2539 Gopie
538 2475 567 2523 iu
585 2472 683 2526 Codc
701 2473 719 2524 1.
732 2474 792 2525 371.

438 2629 590 2694 Nicolaus
607 2631 788 2716 episcopus,
810 2652 925 2695 servus
945 2652 1111 2695 servorum
1128 2628 1189 2715 dei,
1213 2629 1339 2695 dilectis
1352 2632 1385 2694 in
1401 2629 1531 2695 Christo
1622 2665 1623 2668 ι

336 2733 463 2799 filiabus
493 2736 642 2820 priorisse
674 2743 706 2800 et
735 2736 893 2800 universis
923 2735 1114 2801 monialibus
1144 2736 1327 2800 monasterii
1357 2736 1391 2801 in
1422 2746 1532 2802 monte
1623 2764 1624 2805 ι

337 2838 546 2904 thtwicensi
561 2840 763 2904 Pataviensis
787 2839 923 2905 diocesis
946 2863 1032 2905 nunc
1055 2851 1087 2905 et
1108 2863 1167 2927 pro
1190 2849 1334 2926 tempore
1351 2843 1532 2908 constitutis
1623 2850 1624 2887 ἓ

337 2943 472 3008 salutem
506 2954 538 3008 et
570 2943 777 3030 apostolicam
815 2942 1082 3009 benedictionem.
1129 2945 1229 3010 Sacra
1266 2945 1431 3029 religionis
1472 2954 1531 3009 etc.

335 3049 421 3113 Hinc
444 3058 501 3132 est,
526 3048 612 3136 quod
634 3071 692 3115 nos
716 3051 872 3115 carissimi
893 3051 928 3114 in
943 3048 1069 3115 Christo
1092 3049 1148 3114 lilii
1170 3051 1270 3114 nostri
1289 3047 1452 3115 Friderici
1473 3051 1533 3114 Ro·
1623 3056 1624 3059 ’

336 3175 505 3218 manorum
528 3156 729 3239 imperatoris
752 3165 850 3242 atque
873 3155 989 3220 vestris
1003 3157 1036 3219 in
1052 3153 1114 3219 hac
1128 3165 1220 3240 parte
1236 3153 1533 3240 supplicacionibus

336 3257 489 3342 inclinati,
513 3268 628 3324 utros
650 3269 683 3325 et
704 3282 763 3346 pro
785 3269 931 3347 tempore
954 3262 1130 3325 existentes
1152 3260 1305 3344 priorissa
1323 3268 1357 3324 et
1376 3259 1534 3324 moniales

338 3360 414 3426 dicti
444 3366 628 3429 monasterii
654 3374 786 3450 propter
812 3364 1019 3449 fragilitatem
1041 3385 1150 3448 sexus,
1181 3365 1328 3449 quamvis
1351 3363 1470 3448 regula
1491 3366 1534 3427 iu-

337 3470 456 3552 stituta,
480 3469 540 3534 sub
563 3470 680 3556 quibus
704 3470 838 3556 degetis,
862 3469 895 3534 id
919 3468 1097 3556 prohibeat,
1120 3469 1223 3535 tribus
1243 3467 1369 3533 vicibus
1385 3470 1418 3532 iu
1437 3468 1536 3532 ebdo-

338 3571 434 3637 mada
457 3572 790 3661 quadragesimalibus
812 3574 1011 3662 temporibus
1034 3576 1180 3660 exceptis
1200 3571 1332 3658 singulis
1351 3575 1448 3638 annis
1469 3597 1535 3637 car·

338 3675 432 3742 nibus
470 3679 558 3742 vesci
593 3688 626 3743 ιι
657 3678 717 3743 illis
751 3681 797 3744 uti
832 3681 969 3766 possitis,
1008 3677 1168 3744 devotioni
1201 3687 1309 3743 vestre
1343 3679 1536 3743 auctoritate

338 3781 512 3867 apostolica
542 3792 652 3849 tenore
683 3787 880 3869 presentium
911 3783 1119 3849 concedimus
1146 3793 1179 3848 ιι
1201 3785 1304 3848 eciam
1326 3781 1537 3867 indulgemus

338 3887 603 3973 prohibitionibus
640 3887 794 3974 predictis
832 3898 865 3953 et
901 3887 1177 3954 constitutionibus
1215 3897 1247 3951 et
1280 3885 1537 3951 ordinationibus

339 3993 519 4076 apostolicis
551 3995 731 4079 ceterisque
763 3995 929 4058 contrariis
952 3995 1016 4057 nou
1039 3991 1241 4058 obstantibus
1265 3991 1537 4078 quibuscumque.

339 4095 426 4160 Nulli
456 4119 532 4181 ergo
560 4108 621 4164 etc.
667 4100 791 4164 Datum
814 4099 916 4164 Rome
939 4098 1026 4185 apud
1050 4098 1205 4164 Sanctum
1227 4097 1360 4162 Petrum
1383 4118 1470 4162 anno
1493 4098 1538 4162 in-

341 4203 532 4267 carnationis
556 4202 715 4269 dominica
737 4202 905 4268 millesimo
927 4202 1243 4289 quadringentesimo
1266 4203 1538 4288 quinquagesimo

341 4305 494 4390 secundo,
518 4329 602 4372 nono
626 4307 786 4375 kalendas
808 4309 894 4391 maii,
917 4308 1122 4393 pontificatus
1145 4308 1244 4371 nostri
1267 4326 1351 4370 anno
1374 4315 1477 4370 sexto.

342 4566 422 4622 1378,
444 4569 453 4600 ¹
473 4571 667 4635 Manuersdori‚
686 4571 761 4622 0.-G.
774 4570 918 4634 Heindorf,
936 4571 969 4623 V.
982 4570 1014 4622 0.
1027 4571 1070 4623 W.
1084 4571 1126 4623 W.
