3250 5500
328 466 371 531 22

372 658 452 728 918.
1048 661 1131 720 14⁰2
1146 661 1312 720 November
1328 659 1379 727 17,
1395 662 1473 718 Bon.

327 839 431 925 Papst
456 839 601 924 Boaifca
619 839 684 908 lx.
707 839 931 1010 bestdtiqtopic
952 838 1047 906 Watz
1073 840 1127 906 dcc
1148 840 1245 905 Abtcs
1270 839 1365 905 Peter
1383 836 1432 903 ΙΙ.
1454 859 1473 901 υ

879 947 1006 1028 “ttwcio
1468 975 1473 984 ·

433 1120 516 1187 Orig„
534 1120 611 1186 Perg.
642 1119 684 1170 An
702 1119 876 1170 Hanfochnur
894 1119 938 1169 die
956 1119 1105 1185 Bleibulle;
1124 1119 1208 1185 Copie
1225 1120 1254 1169 in
1272 1117 1370 1170 codo
1388 1117 1406 1168 f.
1419 1114 1488 1168 322¹.

434 1249 490 1300 nur
506 1249 552 1300 der
565 1249 737 1301 duacenseito
755 1249 801 1301 des
813 1249 902 1316 Buges
920 1249 1009 1300 recbts
1026 1251 1061 1299 ist
1078 1265 1130 1300 von
1148 1248 1268 1315 gleicber
1285 1249 1320 1300 Η.
1333 1265 1360 1298 u.
1373 1249 1454 1298 'l'inte
1471 1249 1519 1297 vvis

330 1337 378 1387 der
395 1337 464 1387 Text
482 1337 628 1387 vermerlrt:
647 1335 798 1401 Eckarduo3
824 1337 892 1387 darn
910 1352 964 1387 von
982 1336 1095 1386 anderer
1113 1336 1147 1386 H.
1159 1351 1186 1390 n.
1200 1336 1292 1386 Tinte:
1313 1335 1352 1401 X3
1380 1335 1463 1385 links:
1486 1334 1522 1386 M.

330 1423 363 1475 de
375 1423 472 1475 Dulcia
489 1442 553 1492 cor.;
570 1428 651 1504 umor
668 1422 728 1475 dem
747 1423 823 1489 Buge
841 1423 914 1473 links
931 1438 975 1473 am
986 1421 1094 1473 Raude:
1112 1421 1175 1488 No.;
1194 1422 1316 1474 danaben
1334 1422 1459 1472 einwtrts
1475 1421 1520 1472 der

331 1581 569 1632 Kostenvermerlrz
591 1544 634 1666 ἕ,
665 1579 803 1632 darunter:
834 1579 860 1630 P
884 1579 994 1652 Petro93
1024 1579 1163 1631 darunterz
1190 1579 1226 1632 N.
1247 1578 1281 1630 dc
1301 1579 1397 1646 Buptae3
1427 1581 1456 1628 in
1478 1577 1523 1628 der

330 1686 439 1736 rechten
459 1685 610 1736 Oberecke:
628 1685 661 1736 B.
685 1685 742 1736 tuf
757 1684 805 1736 dor
822 1685 968 1736 Bitckseite
985 1684 1032 1737 der
1049 1684 1341 1752 Regirmatnrvermerk
1358 1683 1415 1734 und
1432 1685 1462 1733 in
1479 1683 1523 1733 der

234 1839 241 1852 ἱ
332 1771 425 1824 linlren
443 1772 593 1824 Obereclre:
612 1772 645 1823 Β.
660 1789 711 1838 pro
733 1773 761 1826 T.

435 1927 614 1994 Bonifatius
649 1931 829 2016 episcopus,
863 1951 977 1994 servus
1011 1949 1179 1994 servorum
1213 1927 1275 2013 dei,
1311 1926 1427 1993 dilecto
1461 1926 1524 1992 filio

331 2034 429 2099 Petro
458 2032 570 2098 abbati
600 2035 785 2098 monasterii
814 2043 927 2099 sancte
949 2033 1052 2097 Maria
1082 2035 1116 2098 in
1139 2031 1284 2098 Gotvvico
1308 2032 1455 2098 Romane
1478 2054 1525 2097 ec·

333 2137 429 2202 clesie
461 2137 644 2204 immediate
674 2137 821 2222 subiecti,
849 2137 969 2203 ordinis
999 2139 1103 2202 sancti
1133 2136 1303 2202 Benedicti
1325 2137 1526 2204 Pataviensis

334 2241 479 2328 diocesis,
496 2242 631 2308 salutem
647 2252 680 2307 et
694 2243 902 2329 apostolicam
917 2241 1185 2306 benedictionem.
1202 2241 1292 2305 Inter
1306 2240 1526 2306 solicitudines

334 2356 394 2412 etc.
433 2347 567 2412 Dudum
583 2345 742 2434 siquidem
758 2346 922 2433 quondam
936 2346 1080 2412 Iohanne
1096 2345 1216 2410 abbate
1231 2349 1416 2412 monasterii
1432 2345 1526 2411 beate

333 2451 438 2518 Marie
452 2455 485 2518 in
498 2451 653 2537 Gotvvico,
670 2452 754 2517 dicte
766 2451 913 2516 Romane
928 2451 1065 2516 ecclesie
1080 2450 1264 2516 imediate
1280 2450 1426 2536 subiecti,
1444 2449 1527 2516 ordi·

333 2558 383 2622 nis
405 2560 509 2622 sancti
523 2556 693 2622 Benedicti
707 2557 909 2623 Pataviensis
932 2555 1067 2621 diocesis
1088 2556 1237 2641 regimini
1258 2555 1403 2620 eiusdem
1418 2577 1528 2620 mona·

334 2663 422 2726 sterii
448 2661 633 2749 presidente
661 2681 719 2726 nos
743 2663 909 2746 cupientes
932 2659 1037 2725 eidem
1059 2661 1263 2744 monasterio,
1287 2682 1361 2724 cum
1383 2669 1528 2744 vacaret,

334 2789 394 2853 per
412 2766 588 2853 ¹apostolice
611 2765 698 2831 sedis
720 2765 964 2853 providenciam
986 2765 1098 2831 utilem
1120 2774 1154 2829 et
1174 2762 1339 2851 ydoneam
1360 2764 1529 2850 presidere

335 2893 507 2957 personam
536 2874 750 2957 provisionem
780 2872 879 2958 ipsius
908 2872 1093 2936 monasterii
1122 2868 1316 2935 ordinationi
1342 2878 1374 2935 et
1396 2868 1531 2957 disposi-

335 2978 418 3041 cioni
448 2984 556 3041 nostre
587 2976 739 3041 duximus
769 2998 810 3041 ea
838 2977 908 3041 vice
938 2974 1121 3061 specialiter
1150 2972 1383 3040 reservandum
1418 2975 1531 3040 decer·

335 3091 449 3146 nentes
480 3090 600 3146 extunc
628 3083 753 3146 irritum
783 3089 817 3145 et
845 3082 951 3164 inane,
982 3081 1009 3144 si
1036 3101 1130 3144 secus
1152 3100 1251 3165 super
1272 3079 1334 3144 hiis
1356 3101 1415 3166 per
1438 3102 1532 3167 quoe-

336 3207 465 3272 cunque
495 3186 609 3271 quavis
640 3187 831 3250 auctoritate
861 3186 1002 3249 scienter
1030 3183 1084 3248 vel
1113 3186 1300 3269 ignoranter
1329 3186 1534 3270 contingeret

335 3291 530 3375 attemptari.
575 3289 783 3354 Postmodum
813 3310 892 3353 vero
923 3287 1008 3353 dicto
1038 3290 1230 3353 monasterio
1261 3310 1320 3373 por
1352 3290 1454 3375 ipsius
1486 3289 1534 3353 Io

336 3393 451 3458 hannis
473 3392 600 3459 abbatis
622 3392 754 3477 obitum,
778 3395 834 3479 qui
856 3402 950 3458 extra
965 3394 1145 3458 Romanam
1167 3396 1291 3458 curiam
1313 3392 1400 3457 diem
1415 3393 1536 3460 clausit

337 3509 527 3581 extremum,
551 3497 677 3563 abbatis
692 3500 848 3585 regimine
864 3497 1014 3563 destituto
1031 3497 1139 3563 dilecti
1154 3498 1219 3582 filii,
1236 3506 1414 3564 conventus
1429 3500 1535 3585 ipsius

336 3605 530 3685 monasterii,
553 3604 779 3668 reservationis
803 3613 836 3668 et
858 3601 982 3668 decreti
1004 3600 1223 3687 predictorum
1245 3602 1353 3668 forsan
1376 3605 1485 3688 ignari
1502 3612 1534 3667 te

337 3708 532 3773 monachum
566 3707 709 3773 eiusdem
739 3709 925 3772 monasterii
955 3707 1101 3773 ordinem
1131 3710 1238 3795 ipsum
1272 3729 1428 3793 expresse
1463 3730 1536 3794 pro

337 3811 458 3877 fessum
490 3821 522 3877 et
550 3814 583 3877 in
614 3811 799 3877 sacerdocio
831 3816 1037 3878 constitutum
1066 3814 1099 3878 in
1130 3833 1241 3877 eorum
1268 3820 1301 3877 et
1323 3810 1400 3877 dicti
1422 3835 1537 3877 mona·

338 3919 425 3983 sterii
454 3916 609 3983 abbatem
637 3918 713 3983 licet
743 3917 785 3982 de
814 3918 901 3984 facto
932 3917 1134 3984 concorditer
1164 3916 1331 4003 elegerunt
1360 3926 1462 4004 tuque
1487 3940 1538 3982 re-

339 4024 527 4087 servationis
565 4031 598 4087 et
635 4021 757 4088 decreti
792 4022 1012 4109 predictorum
1046 4022 1192 4087 similiter
1223 4022 1344 4087 inscius
1378 4021 1539 4088 eleccioni

337 4124 520 4192 huiusmodi
550 4126 633 4192 illius
663 4125 721 4192 tibi
749 4136 934 4211 presentato
964 4126 1095 4191 decreto
1118 4126 1160 4191 de
1183 4126 1268 4191 facto
1292 4126 1436 4192 similiter
1460 4150 1538 4193 con·

338 4231 465 4295 sensisti
498 4253 537 4296 ac
570 4230 752 4296 huiusmodi
786 4231 955 4297 eleccionis
988 4232 1160 4317 negocium
1192 4233 1328 4319 proponi
1360 4231 1466 4297 fecisti
1502 4235 1539 4298 in

340 4337 526 4401 consistorio
557 4358 666 4402 coram
696 4336 798 4401 nobis.
843 4336 912 4401 Nos
941 4338 1039 4421 igitur
1068 4334 1258 4401 electionem
1287 4335 1471 4402 huiusmodi
1505 4346 1539 4402 et

340 4461 532 4526 quecunque
562 4440 638 4505 inde
668 4450 780 4506 secuta
806 4448 916 4526 utpote
938 4450 1011 4528 post
1033 4448 1065 4505 et
1088 4449 1199 4505 contra
1219 4443 1480 4506 reservacionem
1505 4451 1540 4507 et

341 4544 507 4611 decretum
544 4545 691 4632 predicta
729 4544 771 4610 de
808 4547 894 4611 facto
928 4555 964 4610 ut
996 4546 1189 4632 premittitur
1221 4554 1411 4632 attemptata
1442 4548 1540 4612 irrita

339 4659 435 4736 prout
465 4659 557 4716 erant
586 4660 618 4716 et
647 4653 755 4716 inania
784 4659 973 4738 reputantes
1003 4659 1035 4714 et
1065 4647 1108 4714 ad
1137 4651 1353 4735 provisionem
1387 4649 1540 4717 eiusdem

340 4757 523 4821 monasterii
553 4754 692 4821 celerem
723 4764 755 4821 et
784 4755 922 4842 felicem,
953 4753 993 4820 de
1024 4776 1089 4840 qua
1117 4752 1224 4821 nullus
1253 4765 1362 4842 pretor
1387 4777 1446 4822 nos
1469 4755 1539 4823 hac
