3250 5500
330 493 394 557 272

330 686 495 748 civitatum
518 692 550 747 et
572 692 712 747 rectores
735 703 861 746 necnon
883 680 946 765 alii,
978 683 1033 767 qui
1062 690 1253 767 potestatem
1282 680 1404 746 habere
1435 680 1525 746 vide-

329 790 457 872 bantur,
480 798 527 853 tot
550 810 649 853 onera
671 788 858 873 frequenter
879 789 1083 873 imponerent
1109 786 1264 871 ecclesiia,
1291 796 1327 851 ut
1354 785 1525 851 deterioris

330 893 520 959 conditionis
542 892 664 957 factum
686 892 747 957 suh
769 894 817 956 eis
840 890 1056 956 sacerdotium
1078 890 1254 976 videretur,
1277 912 1342 977 qua
1364 890 1424 956 sub
1439 890 1525 956 Pha·

328 1020 427 1062 raone
449 996 571 1080 fuisset,
595 997 650 1082 qui
671 996 753 1082 legis
776 995 886 1060 divine
901 998 1045 1061 notitiam
1068 1017 1132 1060 non
1152 994 1295 1061 habebat
1318 996 1437 1081 quique
1460 1018 1526 1060 om-

329 1101 423 1166 nibus
446 1100 515 1165 aliis
538 1102 685 1165 servituti
706 1099 849 1165 subactis
872 1099 1056 1165 sacerdotes
1080 1109 1112 1164 et
1131 1102 1347 1185 possessiones
1363 1122 1476 1165 eorum
1492 1102 1527 1165 in

329 1210 463 1294 pristina
483 1205 632 1271 libertate
647 1205 766 1271 dimisit
787 1215 821 1270 et
843 1204 884 1271 de
900 1204 1031 1292 publico
1055 1208 1100 1270 eis
1122 1205 1306 1271 alimoniam
1320 1206 1525 1289 ministravit,

329 1313 362 1376 in
401 1310 534 1375 concilio
568 1310 781 1375 Lateranensi
821 1309 957 1374 ecclesie
999 1312 1189 1375 immunitati
1226 1308 1425 1396 providendo
1463 1309 1527 1374 sub

329 1415 543 1480 anathematis
566 1414 763 1479 districtione
778 1413 974 1500 prohibitum
997 1416 1113 1498 extitit,
1137 1436 1178 1479 ne
1206 1413 1352 1479 consules
1381 1423 1527 1478 rectores

332 1529 388 1584 aut
416 1518 470 1584 alii
499 1517 636 1604 predicti
666 1518 820 1583 ecclesias
843 1528 876 1584 et
897 1519 983 1584 viros
1007 1519 1241 1584 ecclesiasticos
1263 1518 1357 1583 talliis
1381 1540 1437 1583 sen
1462 1517 1527 1582 col-

328 1623 420 1687 lectis
435 1632 492 1687 aut
508 1622 729 1687 exactionibus
748 1623 818 1687 aliis
833 1644 1014 1707 aggravare
1030 1632 1255 1708 presumerent
1269 1632 1527 1707 transgressores

329 1737 362 1792 et
383 1728 525 1793 fautores
549 1749 660 1792 eorum
690 1727 877 1813 recipiendo
909 1727 1123 1792 anathematis
1153 1728 1310 1792 sententie
1341 1726 1526 1811 subiacere,

329 1832 433 1897 donec
445 1831 695 1897 satisfactionem
706 1831 933 1917 impenderent
946 1841 1190 1918 competentem,
1204 1841 1236 1896 et
1248 1834 1343 1896 etiam
1356 1829 1474 1895 deinde
1491 1831 1525 1894 in

329 1936 473 2022 generali
493 1936 628 2001 concilio
645 1936 786 2001 edictum
803 1936 908 2020 fuerit,
927 1935 1014 2023 quod
1031 1938 1058 2001 si
1073 1938 1215 2023 episcopi
1232 1936 1313 2000 forte
1332 1934 1426 2001 simul
1447 1958 1526 1999 cum

329 2042 465 2125 clericis,
481 2042 605 2106 etiamsi
624 2050 746 2106 tantam
768 2042 993 2106 necessitatem
1008 2040 1061 2105 vel
1083 2040 1250 2106 utilitatem
1266 2042 1471 2126 inspicerent,
1487 2050 1527 2105 ut

329 2145 452 2231 absque
484 2146 549 2211 ulla
576 2148 742 2211 coactione
772 2145 815 2210 ad
845 2144 1038 2211 relevandas
1073 2167 1260 2211 communes
1289 2145 1440 2210 utilitates
1470 2144 1526 2210 vel

329 2253 547 2335 necessitates,
563 2250 619 2315 ubi
634 2250 790 2316 laicorum
804 2273 870 2315 non
885 2260 1095 2337 suppeterent
1108 2249 1289 2334 facultates,
1305 2249 1451 2315 subsidia
1465 2272 1526 2336 per

329 2355 485 2419 ecclesias
507 2356 597 2419 laicis
620 2354 777 2420 ducerent
800 2354 1011 2420 concedenda
1026 2357 1156 2419 minime
1180 2375 1278 2440 super
1300 2354 1360 2429 hoc
1377 2354 1525 2419 consulto

329 2458 474 2524 Romano
498 2460 661 2546 pontifice,
692 2461 916 2524 concessiones
940 2470 973 2524 et
995 2462 1163 2543 sententie,
1193 2481 1299 2545 quea
1329 2457 1446 2523 talibus
1469 2458 1525 2523 vel

329 2563 370 2628 de
392 2566 535 2649 ipsorum
557 2562 709 2629 mandato
732 2564 838 2629 forent
860 2562 1070 2649 promulgate,
1095 2572 1203 2628 essent
1225 2566 1312 2628 irrite
1343 2572 1376 2627 ct
1397 2565 1524 2647 inanes,

329 2668 414 2732 nullo
437 2670 545 2755 iniquo
567 2677 711 2754 tempore
734 2668 871 2733 valiture
893 2690 933 2732 ac
957 2670 1052 2733 etiam
1073 2670 1107 2734 in
1129 2670 1198 2756 ipso
1220 2666 1364 2754 generali
1387 2666 1524 2732 concilio

329 2772 495 2839 decretum
518 2775 624 2839 extitit
644 2773 742 2857 illum,
766 2775 823 2860 qui
852 2774 935 2838 infra
962 2783 1088 2860 tempus
1119 2775 1168 2839 sui
1196 2774 1360 2860 regiminis
1390 2781 1525 2858 propter

327 2878 518 2943 fractionem
542 2881 802 2944 constitutionum
824 2877 878 2944 vel
907 2881 1108 2944 sanctionum
1137 2877 1321 2943 huiusmodi
1350 2879 1526 2942 sustineret

328 2982 511 3067 anathema,
527 2992 681 3068 tanquam
696 2992 768 3068 post
782 2982 862 3047 illud
884 3005 948 3048 non
964 2993 1059 3065 esset,
1076 2982 1119 3047 ad
1134 2981 1360 3048 satisfactionis
1376 2980 1523 3046 debitum

330 3085 572 3172 compellendus
594 3108 720 3151 necnon
751 3088 851 3172 ipsius
879 3108 1110 3170 successorem,
1142 3087 1197 3172 qui
1226 3108 1290 3151 non
1320 3085 1525 3152 satisfaceret

328 3191 412 3256 infra
434 3215 589 3276 mensem,
612 3213 743 3256 manere
772 3192 992 3257 ecclesiastica
1023 3213 1159 3258 censura
1190 3191 1387 3276 conclusum,
1417 3190 1524 3256 donec

329 3296 530 3361 satisfaceret
563 3305 792 3381 competenter,
828 3319 902 3360 cum
936 3295 1128 3361 succederet
1161 3297 1194 3359 in
1225 3317 1333 3378 onere,
1363 3297 1418 3382 qui
1448 3294 1523 3360 sub-

329 3403 514 3466 stitueretur
549 3403 582 3465 in
619 3399 749 3465 honore.
801 3400 1011 3466 Postmodum
1044 3423 1122 3466 vere
1155 3398 1257 3465 felicis
1290 3398 1524 3465 rocordationis

329 3505 490 3570 Honorius
512 3527 598 3591 papa
620 3505 680 3570 III.
704 3514 825 3571 attente
849 3504 1067 3590 considerans,
1098 3504 1184 3591 quod
1216 3503 1380 3592 quondam
1401 3503 1524 3569 Frede-

328 3611 414 3672 ricus
437 3607 600 3674 secundus
623 3608 698 3674 olim
720 3608 941 3675 Romanorum
963 3610 1139 3695 imperator
1160 3617 1238 3673 tunc
1260 3607 1320 3674 sub
1337 3607 1525 3674 obedientia

330 3723 361 3777 et
377 3710 545 3777 devotione
558 3723 669 3778 sancte
681 3713 826 3778 Romane
839 3712 974 3779 ecclesie
985 3715 1160 3800 persistens
1175 3712 1218 3778 ad
1233 3711 1362 3778 laudem
1378 3711 1524 3778 eiusdem

330 3817 466 3881 ecclesie
489 3827 521 3883 et
548 3821 632 3882 sacri
660 3815 761 3882 decus
783 3817 920 3883 Romani
947 3819 1072 3905 imperii
1102 3819 1244 3905 cupiens,
1272 3827 1308 3882 ut
1334 3819 1524 3904 expurgatis

330 3921 531 4008 quorundam
565 3923 727 3988 erroribus
761 3932 793 3987 et
823 3925 939 4009 iniquis
973 3925 1098 3989 statutis
1131 3925 1258 4008 penitus
1293 3922 1449 3988 destitutis
1481 3919 1523 3987 de

330 4037 437 4092 cetero
460 4025 596 4093 ecclesie
620 4037 652 4092 et
673 4027 891 4092 ecclesiastice
914 4049 1051 4113 persone
1074 4027 1169 4113 plena
1192 4029 1338 4112 vigerent
1360 4029 1467 4113 quiete
1492 4036 1524 4091 et

329 4152 445 4194 secura
478 4131 626 4196 libertate
660 4130 851 4216 gauderent,
886 4153 925 4196 ac
955 4135 1007 4217 pie
1039 4141 1071 4196 et
1103 4134 1184 4196 iuste
1219 4129 1400 4215 attendens,
1435 4129 1524 4216 quod

330 4233 533 4319 quorundam
555 4256 781 4321 perversorum
811 4237 962 4321 iniquitas
993 4232 1074 4300 adeo
1104 4233 1363 4319 habundaverat,
1394 4243 1429 4299 ut
1457 4255 1523 4298 non

330 4337 517 4404 dubitarent
543 4352 655 4406 contra
677 4338 930 4404 ecclesiasticam
962 4339 1162 4426 disciplinam
1185 4349 1217 4405 et
1244 4361 1353 4404 sacros
1383 4359 1524 4403 canones

329 4454 448 4509 statuta
470 4466 529 4508 sua
551 4443 755 4529 confringere
771 4442 929 4510 adversus
945 4444 1180 4510 ecclesiasticas
1196 4466 1350 4531 personas
1365 4453 1398 4508 et
1421 4443 1522 4508 eccle-

329 4550 491 4614 siasticam
513 4549 695 4614 libertatem
718 4547 847 4614 edictali
870 4549 943 4634 lege
965 4547 1148 4616 huiusmodi
1176 4557 1295 4614 statuta
1316 4551 1426 4634 iniqua
1455 4549 1523 4614 irri-

330 4663 456 4720 taverat
477 4664 510 4719 et
531 4663 723 4740 preceperat
753 4656 843 4719 irrita
873 4655 1011 4720 nuntiari
1041 4663 1073 4719 et
1103 4655 1209 4719 omnia
1240 4661 1360 4719 statuta
1389 4664 1422 4718 et
1451 4675 1524 4717 con-

330 4758 527 4841 suetudines,
560 4779 624 4844 que
654 4761 799 4824 civitates
831 4769 863 4824 ot
895 4759 966 4824 loca
999 4767 1173 4845 potestates
1207 4756 1260 4823 vel
1291 4755 1438 4823 consules
1468 4766 1525 4823 aut
