3250 5500
1207 504 1267 570 179

11 728 12 794 ξ
88 700 157 764 strui
184 707 218 763 et
246 697 392 765 edificari
420 700 506 764 fecit.
553 697 636 764 Cum
666 708 773 764 autem
803 700 886 764 sicut
917 698 1032 765 eadem
1062 700 1172 785 petitio
1194 698 1267 763 sub-

88 803 240 891 iungebat,
271 804 360 869 idem
382 802 553 891 seyfridus
584 805 742 890 prefatam
765 803 922 890 capellam
944 826 1002 891 pro
1025 826 1088 869 uno
1111 812 1267 890 perpetuo

11 1031 12 1042 ¹
87 1035 120 1077 ac
145 1015 239 1078 certis
262 1013 333 1077 aliia
356 1012 526 1077 cuiuslibet
548 1016 724 1099 septimane
746 1035 805 1098 per
829 1034 902 1078 eum
924 1012 967 1078 ad
989 1011 1051 1077 hoe
1075 1010 1268 1098 deputandis

87 1116 192 1182 diebus
215 1120 381 1204 perpetuis
403 1118 518 1182 firturis
541 1116 739 1204 temporibus
763 1116 928 1183 celebrare
951 1138 1076 1182 necnon
1100 1119 1196 1181 etiam
1212 1118 1268 1180 eis·

11 1217 12 1306 l
86 1221 152 1286 dem
173 1220 290 1287 diebus
314 1221 479 1287 dominicis
502 1231 577 1287 ante
599 1222 835 1287 inchoationem
850 1224 945 1287 misse
963 1223 1179 1287 exorcismum
1195 1218 1268 1285 salis

11 1333 12 1403 l
85 1336 113 1391 et
135 1349 218 1413 aque
242 1337 276 1391 et
297 1328 387 1392 finito
410 1326 577 1412 evangelio
600 1329 786 1392 memoriam
809 1325 852 1391 ad
874 1326 1027 1413 populum
1049 1348 1108 1411 pro
1131 1327 1213 1389 vivis
1238 1334 1270 1389 et

85 1431 238 1496 defunctis
254 1430 364 1496 lacere
388 1431 515 1515 debeat,
539 1432 737 1497 sufficienter
760 1431 883 1514 dotare,
905 1433 939 1496 in
962 1453 1001 1495 ea
1024 1451 1163 1517 quoque,
1186 1439 1269 1516 post-

85 1557 173 1621 quam
196 1535 307 1600 dotata
329 1536 435 1617 fuerit,
458 1558 551 1600 suam
567 1535 764 1622 sepulturam
779 1534 898 1620 eligere
914 1544 1080 1621 proponat,
1103 1556 1161 1620 pro
1177 1544 1270 1621 parte

11 1699 12 1722 ,
83 1641 174 1724 ipsius
197 1639 342 1727 Seyhidi
371 1639 463 1704 nobis
493 1638 555 1704 fuit
579 1638 742 1705 humiliter
763 1640 987 1726 supplicatum,
1009 1649 1046 1704 ut
1068 1638 1127 1703 sibi
1151 1637 1270 1703 dictam

11 1736 12 1820 l
84 1743 235 1829 capellam
259 1743 393 1809 detondi
414 1743 584 1809 licenciam
608 1744 787 1809 concedere
809 1766 937 1809 necnon
960 1746 1009 1809 ius
1032 1753 1218 1830 patronatus
1238 1752 1270 1807 et

11 1839 12 1888 l
84 1848 287 1933 presentandi
315 1858 473 1913 rectorem
504 1848 547 1914 ad
576 1851 680 1935 ipsam
710 1847 869 1935 capellam
899 1848 961 1913 hac
995 1850 1099 1935 prima
1132 1850 1203 1913 vice
1238 1856 1271 1911 et

84 1956 231 2038 quociens
262 1956 366 2039 ipsam
389 1953 543 2039 deinceps
564 1975 683 2018 vacare
706 1955 885 2038 contigerit,
909 1975 968 2039 per
990 1952 1052 2018 loci
1074 1952 1269 2017 ordinarium

84 2058 260 2142 predictum
291 2057 522 2123 instituendum
544 2057 606 2123 sibi
627 2081 667 2123 ac
689 2061 754 2122 auis
778 2057 1018 2123 successoribus
1042 2067 1075 2122 et
1096 2057 1269 2123 heredibus

11 2226 12 2257 ,
84 2164 315 2248 imperpetuum
344 2183 513 2227 reservare
545 2162 586 2227 de
613 2162 813 2248 benignitate
843 2162 1017 2250 apostolica
1051 2161 1268 2247 dignaremur.

11 2263 12 2335 ξ
83 2266 145 2330 Nos
172 2269 282 2353 igitur,
313 2269 369 2353 qui
399 2266 539 2331 eundem
560 2267 707 2353 ampliari
730 2267 851 2332 cultum
873 2269 987 2332 uostris
1009 2268 1171 2353 potissime
1194 2277 1270 2332 tem·

11 2363 12 2418 l
82 2370 207 2454 poribus
250 2373 383 2437 intensis
424 2370 591 2436 desideriis
633 2379 825 2457 exoptamus
863 2370 1147 2457 supplicationibus
1184 2370 1271 2436 incli-

11 2483 12 2550 ζ
82 2477 141 2539 nati
178 2475 365 2541 discretioni
400 2484 454 2541 tue
491 2497 551 2561 per
587 2475 761 2561 apostolica
798 2478 918 2562 scripta
955 2475 1156 2559 mandamus,
1194 2498 1271 2561 qua-

81 2580 159 2643 tinus
196 2582 224 2644 si
264 2590 313 2644 est
348 2582 392 2644 ita
427 2579 553 2665 prefato
587 2578 738 2666 Seyfrido
775 2579 913 2644 eandem
948 2580 1105 2666 capellam
1139 2578 1271 2645 dotandi

83 2693 113 2747 nt
145 2684 310 2770 prefertur
345 2686 535 2750 auctoritate
573 2694 682 2750 nostra
717 2684 886 2750 licenciam
923 2683 1068 2769 largiaris
1105 2693 1137 2750 et
1173 2682 1270 2747 nichi-

82 2786 221 2871 lominus,
252 2799 422 2874 postquam
444 2791 513 2874 ipse
543 2788 713 2875 Seyfridus
741 2788 848 2855 dotem
878 2792 1092 2875 assignaverit
1122 2789 1269 2873 eandem,

82 2892 125 2956 ius
152 2902 345 2978 patronatus
375 2915 432 2957 seu
462 2893 669 2981 presentandi
697 2904 856 2958 rectorem
887 2893 929 2958 ad
961 2892 1080 2958 dictam
1112 2892 1269 2979 capellam

81 2994 136 3060 hac
165 3000 274 3083 prima
302 3000 374 3062 vice
402 3008 435 3062 et
463 3000 560 3062 etiam
589 3000 872 3084 quocienscunque
902 3000 1004 3083 ipsam
1027 3021 1146 3064 vacare
1170 2999 1268 3062 centi-

81 3103 167 3185 gerit,
198 3101 353 3188 Seyfrido
387 3104 519 3188 eiusque
553 3101 794 3167 successoribus
829 3112 860 3166 et
893 3100 1068 3168 heredibus
1100 3100 1270 3168 antedictis

82 3210 268 3271 auctoritate
298 3206 465 3292 predicta·
495 3229 654 3290 reserves,
677 3207 867 3292 prefatoque
891 3206 1051 3293 Seyfrido,
1075 3216 1111 3271 ut
1133 3206 1271 3292 sepultu-

82 3332 144 3374 ram
173 3310 267 3398 apud
296 3310 416 3376 dictam
446 3311 604 3397 capellam
635 3311 754 3397 eligere
784 3332 823 3375 ac
854 3310 936 3376 illius
966 3313 1093 3393 rectori,
1129 3313 1183 3396 qui
1213 3332 1271 3396 pro

81 3425 220 3502 tempore
252 3416 350 3481 fuerit
377 3415 569 3501 huiusmodi,
600 3426 635 3482 ut
665 3416 779 3482 diebus
810 3414 975 3481 dominicis
1003 3415 1157 3502 predictis
1181 3437 1271 3480 exor-

83 3523 212 3586 cismum
245 3520 354 3585 facere
384 3543 508 3585 necnon
531 3523 680 3586 vivorum
703 3531 736 3586 et
758 3520 983 3585 defunctorum
1006 3523 1185 3585 animarum
1208 3542 1271 3584 me-

83 3627 210 3690 moriam
235 3647 394 3711 peragere
416 3637 453 3690 ut
473 3625 635 3712 prefertur
655 3624 757 3691 libere
780 3634 814 3690 et
834 3625 920 3690 licite
939 3624 1080 3708 valeant,
1101 3624 1270 3710 indulgeas

83 3733 267 3795 auctoritate
296 3741 474 3795 memorata
503 3733 572 3795 iure
599 3740 706 3796 tamen
736 3730 821 3795 dicte
849 3728 1056 3818 parrochialis
1080 3729 1215 3793 ecclesie
1239 3739 1271 3793 et

84 3833 207 3900 alterius
237 3835 408 3900 cuiuslibet
434 3837 467 3901 in
490 3835 637 3900 omnibus
659 3858 789 3922 semper
810 3835 908 3900 salvo.
955 3834 1078 3900 Datum
1101 3833 1272 3898 Florencie

84 3937 168 4005 VIII.
191 3940 268 4006 idus
290 3942 402 4005 marcii
424 3940 628 4026 pontificatus
650 3942 749 4005 nostri
771 3963 855 4006 anno
878 3941 988 4006 tercio.

123 4168 222 4237 1103.
642 4175 724 4232 1420
740 4175 810 4232 «luel
824 4174 874 4241 lb,
890 4174 932 4232 st
946 4175 1016 4233 vett
1030 4191 1057 4232 a.
1070 4174 1099 4232 d.
1112 4174 1227 4234 lllllscu.⁴

181 4327 247 4390 Hie
269 4328 312 4391 ist
333 4348 375 4390 zu
396 4325 585 4410 merkchen,
610 4325 668 4392 das
690 4329 722 4390 in
745 4348 829 4390 anuo
852 4325 929 4390 XX.
946 4325 1054 4410 geruft
1074 4327 1116 4390 ist
1137 4325 1271 4390 werden

87 4426 225 4495 herlart¹
256 4451 319 4495 vou
343 4452 493 4496 unserem
517 4429 681 4516 gnadigen
703 4429 831 4514 herren,
855 4429 995 4517 herczog
1017 4429 1216 4494 Albrechten
1239 4431 1272 4494 in

11 4505 14 4700 l
87 4601 161 4659 not.
181 4617 195 4641 ⁸
213 4607 271 4656 Aut
285 4607 380 4656 Rasur.

88 4706 160 4762 ΠΜ.
183 4710 193 4741 ¹
217 4713 325 4776 Herzog
347 4709 477 4761 Albrecht
492 4711 525 4760 V.
548 4715 609 4771 trat,
636 4710 766 4762 nachdem
790 4725 819 4760 er
842 4711 878 4760 im
896 4711 1001 4761 Winter
1023 4727 1076 4762 von
1101 4713 1273 4762 1419—1420

88 4795 161 4862 eilrig
177 4804 297 4863 gerttatet
314 4798 397 4858 batte,
415 4798 459 4848 die
478 4796 621 4847 Heerfahrt
639 4813 681 4847 arn
703 4799 742 4846 18.
756 4797 822 4846 Juni
842 4800 889 4847 mit
906 4800 998 4850 seinen
1012 4798 1200 4850 Streitkrltltan
1218 4798 1273 4848 und

1069 4885 1118 4934 12*
