3250 5500
1237 502 1300 566 451

105 684 245 770 plebano
266 688 300 751 in
321 686 532 773 Napersdorf‚
555 688 678 773 Jorgen
698 687 927 776 'Peispelrcben
950 690 1017 756 und
1042 690 1099 757 dee
1116 690 1302 759 Vilcnbofer

106 787 183 853 baid
207 812 270 856 von
294 790 468 874 Manttarn,
491 792 600 858 Tibolt
621 794 788 880 Pymisser
810 805 872 859 eto.

210 965 289 1017 Notis
306 967 335 1017 in
354 967 416 1019 Cod.
431 968 455 1019 D
473 968 491 1019 f.
506 970 563 1019 101.

149 1176 251 1244 1397.
930 1186 1014 1243 1454
1029 1187 1089 1244 llal
1105 1187 1156 1253 23,
1173 1188 1254 1246 llonr.

102 1348 207 1431 Papst
234 1349 389 1417 Nicotaus
411 1350 447 1417 V.
477 1354 644 1434 acceptiert
673 1352 725 1416 die
753 1352 963 1436 Rmipnation
993 1355 1046 1419 des
1072 1356 1168 1421 Abte
1198 1354 1296 1438 Wolf·

100 1476 189 1539 party
211 1454 260 1521 ΙΙ.
284 1476 344 1522 voa
367 1456 521 1541 Gdltweiq
550 1458 619 1523 aad
640 1457 769 1523 ambilet
790 1457 858 1523 ibm
879 1458 932 1523 die
952 1457 1073 1542 Psorre
1094 1460 1142 1527 St.
1159 1461 1229 1527 Veis
1252 1483 1297 1526 an

602 1562 659 1627 der
680 1560 805 1629 eoem.

210 1736 293 1803 orig..
309 1738 387 1803 Perg.
417 1737 459 1788 An
477 1737 651 1789 Hanlschnur
668 1738 712 1789 die
730 1737 875 1789 Bleibulle.

210 1858 357 1909 Vermerlre
375 1859 424 1911 aul
439 1860 486 1910 der
504 1861 649 1922 Tantaene,
671 1860 742 1911 linkr
761 1876 804 1911 am
822 1860 915 1912 Raude
934 1862 979 1911 ein
996 1861 1237 1927 langgeatreolrtes:
1261 1862 1295 1928 L3

102 1946 206 1997 rechts:
229 1946 266 2011 33
295 1948 324 1997 in
346 1946 393 1997 der
410 1948 489 1999 Mitte
511 1947 558 1998 des
576 1950 675 2001 oberen
692 1948 812 1999 Bendas:
835 1946 878 1999 Aa
894 1951 971 2012 caim
999 1949 1049 1999 aul
1064 1949 1111 1998 der
1128 1950 1299 2001 Auasenseite

103 2034 152 2085 dee
171 2035 260 2101 Buges
282 2034 371 2087 rechts
393 2052 446 2085 von
470 2035 516 2087 der
539 2036 573 2085 H.
591 2036 638 2087 des
660 2036 891 2088 Textscbreibers:
923 2036 951 2088 0.
969 2036 1081 2101 Fidelie5
1108 2037 1223 2087 dardber
1245 2053 1298 2089 ron

104 2121 219 2171 anderer
237 2122 284 2171 Η..
312 2123 448 2187 Rescripta
463 2125 548 2189 pratia
561 2140 614 2189 pro
631 2123 664 2173 Β.
676 2123 708 2173 de
727 2122 842 2189 Moffea's;
868 2123 991 2174 daneben
1013 2123 1070 2174 drei
1089 2125 1217 2175 Zeichen:
1246 2123 1298 2190 Νὴ

102 2207 177 2257 linke
201 2214 280 2258 unter
302 2207 361 2260 dem
385 2208 459 2275 Buge
482 2225 524 2259 am
547 2209 641 2260 Rande
663 2209 711 2260 der
733 2210 974 2261 Monatsrermerk:
998 2210 1078 2275 Maii3
1105 2210 1227 2261 deneben
1252 2210 1299 2261 der

103 2322 342 2374 Kostenvermerlr:
366 2276 415 2423 ἔρ.
451 2322 507 2373 nur
528 2323 575 2374 der
592 2324 737 2375 Rllokaeite
755 2324 802 2374 der
819 2324 1121 2391 Registratnrvermerlr3
1150 2324 1226 2375 darin
1244 2340 1298 2374 rou

103 2434 225 2500 gleicher
248 2436 293 2486 Ha
323 2435 355 2487 da
378 2436 480 2501 rrum
508 2437 636 2488 darunter
658 2439 687 2487 in
710 2438 757 2487 der
775 2437 855 2488 Mitte
876 2437 923 2489 dea
945 2442 1059 2489 unteren
1077 2437 1184 2488 Randea
1206 2453 1298 2503 umge-

103 2521 185 2571 lebrt
202 2523 389 2588 geschrieben:
415 2522 446 2574 A.
460 2524 493 2575 de
514 2522 647 2588 Certatim
673 2526 701 2575 iu
720 2524 767 2575 der
785 2525 896 2575 rechten
920 2525 1018 2576 oberen
1036 2523 1123 2575 Eclre:
1147 2525 1180 2576 R.
1199 2524 1231 2577 L.
1251 2524 1299 2588 Ε,-

103 2610 132 2658 in
161 2608 208 2661 der
233 2610 343 2661 rechten
370 2616 484 2662 unteren
509 2612 584 2662 Ecba
607 2610 767 2678 umgelrehrt
790 2613 839 2661 mit
860 2611 980 2677 gleicber
1002 2611 1083 2661 Tinte
1109 2610 1297 2677 gesobrieben:

101 2696 135 2747 A.
148 2696 181 2747 de
203 2697 334 2763 Cbrterta'af
352 2699 479 2752 darunter
496 2716 548 2752 von
567 2699 681 2752 auderet
698 2700 746 2751 Ha
767 2699 799 2751 F.
810 2699 843 2752 cla
862 2698 1008 2752 mmmm.

207 2867 360 2938 Nicolaus
383 2875 563 2959 episcopus,
592 2895 706 2939 servus
729 2895 897 2940 servorum
920 2872 982 2958 dei,
1005 2875 1184 2940 venerabili
1205 2876 1296 2942 fratri

101 3029 108 3043 .
136 3029 143 3041 .
169 2976 412 3064 archiepiscopo
439 2977 709 3064 Salcneburgensi
739 2989 772 3044 et
801 2977 927 3044 dilectis
958 2977 1030 3042 filiis
1055 3029 1062 3043 .
1087 3031 1094 3047 .
1118 2980 1297 3046 Mellicensi

99 3105 141 3146 ac
166 3131 173 3146 .
199 3131 206 3145 .
231 3081 350 3148 Sancte
373 3081 487 3148 Crucis
510 3085 712 3149 Pataviensis
736 3083 873 3148 diocesis
904 3087 1170 3151 monasteriorum
1198 3083 1297 3150 abba·

99 3185 188 3252 tibus
219 3185 356 3252 salutem
385 3197 418 3253 et
446 3187 654 3274 apostolicam
685 3187 954 3254 benedictionem.
1000 3189 1152 3254 Honestis
1179 3188 1297 3275 suppli·

101 3312 178 3356 cnm
201 3293 285 3357 votis
307 3291 444 3358 libenter
465 3294 635 3359 annuimus
658 3315 761 3379 eaque
784 3292 950 3358 favoribus
968 3297 1193 3381 prosequimur
1208 3316 1296 3380 opor·

99 3397 197 3462 turris.
243 3395 326 3462 Cum
348 3399 457 3483 itaque
480 3399 564 3464 sicut
586 3397 731 3463 exhibite
754 3397 846 3462 nobis
869 3419 973 3483 nuper
995 3421 1054 3484 pro
1077 3408 1168 3484 parte
1188 3397 1296 3464 dilecti

99 3501 158 3566 filii
174 3499 349 3587 Volfgangi
371 3501 498 3568 abbatis
521 3505 706 3569 monasterii
729 3503 942 3569 Gotwicensis
965 3501 1086 3568 ordinis
1112 3505 1215 3568 sancti
1235 3503 1296 3567 Be·

100 3603 224 3672 nedicti
246 3606 450 3674 Pataviensis
480 3607 617 3672 diocesis
646 3609 756 3693 petitio
787 3606 983 3693 continebat,
1014 3607 1101 3693 quod
1131 3608 1206 3672 licet
1227 3609 1296 3693 ipse

99 3711 133 3774 in
158 3711 290 3776 iuvenili
314 3720 398 3777 etate
415 3714 604 3778 constitutus
621 3714 747 3796 existat,
770 3711 995 3778 nichilominus
1010 3721 1141 3799 propter
1155 3711 1296 3778 debilem

98 3817 149 3880 sui
174 3818 315 3902 corporis
339 3816 596 3903 complexionem
619 3827 652 3882 et
674 3839 717 3882 ex
732 3820 828 3882 certis
844 3817 916 3882 aliis
931 3816 1174 3883 rationabilibus
1190 3820 1296 3882 causis

99 3920 227 3987 dubitat
254 3943 347 4007 posse
378 3921 473 4007 longo
504 3930 649 4008 tempore
672 3922 779 3988 eidem
801 3925 994 3988 monasterio
1018 3944 1090 3988 esse
1112 3922 1295 3988 fructuosus

98 4049 139 4090 ac
170 4024 259 4110 illud,
290 4035 385 4112 prout
413 4029 608 4093 conveniens
632 4035 689 4109 est,
713 4028 745 4092 in
768 4026 988 4112 spiritualibus
1011 4037 1044 4092 et
1065 4026 1296 4114 temporalibus

99 4130 237 4197 feliciter
266 4131 461 4216 gubernare,
492 4154 550 4198 nos
577 4133 675 4217 igitur
707 4154 747 4197 ne
781 4130 870 4196 idem
897 4131 1100 4218 Volfgangus
1132 4134 1166 4196 in
1200 4154 1295 4197 even-

99 4245 180 4320 tum,
212 4235 299 4323 quod
328 4239 397 4323 ipse
420 4238 569 4323 regimini
590 4247 623 4302 et
644 4235 910 4302 administrationi
933 4235 1078 4301 eiusdem
1100 4239 1294 4321 monasterii,

99 4343 152 4406 cui
175 4362 306 4427 preesse
330 4340 515 4425 dinoscitur,
540 4351 652 4428 sponte
675 4351 708 4407 et
729 4340 830 4406 libere
854 4340 995 4425 cederet,
1025 4343 1057 4405 in
1086 4341 1295 4428 obprobrium

99 4468 157 4511 sue
190 4443 352 4531 dignitatis
382 4446 569 4514 mendicare
601 4457 744 4533 cogatur,
772 4445 944 4532 providere
968 4449 1101 4532 eiusque
1123 4468 1294 4532 personam

96 4549 190 4615 nobis
213 4559 245 4614 et
268 4551 441 4637 apostolice
461 4551 530 4617 sedi
555 4550 704 4617 devotam
720 4553 785 4616 suis
801 4551 1008 4638 exigentibus
1023 4553 1144 4617 meritis
1159 4561 1295 4638 paterna

98 4653 318 4721 benivolentia
348 4659 498 4744 prosequi
528 4656 672 4722 volentes
703 4655 888 4722 discretioni
910 4666 1017 4723 vestre
1039 4678 1098 4743 per
1120 4658 1295 4744 apostolica

98 4762 221 4846 scripta
251 4760 453 4848 mandamus,
484 4763 634 4849 quatinus
662 4761 796 4827 rossel
819 4760 883 4828 duo
906 4772 961 4828 aut
984 4784 1066 4828 unus
1088 4773 1243 4847 restrum,
1267 4764 1294 4826 si

1087 4868 1137 4918 aa*
