3250 5500
323 459 387 524 326

425 653 540 716 Quellen
559 671 581 704 z.
595 653 690 705 Gcsch.
705 655 797 706 Wions
819 658 842 716 1,
860 655 895 716 ΙΙ,
914 657 965 706 287
984 672 1023 706 nr.
1038 658 1106 706 2182
1125 671 1179 722 reg.

427 775 622 840 vgl.nr.1226
641 792 667 830 u.
687 763 763 829 ime.

426 897 449 946 1.
468 895 536 946 rund
555 897 619 964 (27),
642 903 710 964 gritn
735 899 784 948 anf
804 899 876 962 Sch,
894 899 931 949 IV
944 897 974 949 G.
1005 899 1052 950 U.:
1071 917 1092 949 s.
1115 900 1432 966 wilhalm‘gerbelatorf.
1469 901 1524 950 Ein

322 981 435 1046 Bellen,
459 985 486 1033 in
510 984 663 1034 demsolben
686 988 702 1034 3
725 991 859 1051 gesttlrzte
887 986 1004 1051 Spitzen.
1027 986 1188 1036 Stechhelm.
1226 985 1337 1036 cimici:
1361 989 1377 1036 2
1400 986 1520 1036 Ochsen·

321 1071 426 1124 horncr.
448 1097 478 1108 -
499 1072 534 1122 ΙΙ.
552 1073 762 1136 susgobrochen,
781 1073 850 1122 rnnd
864 1071 928 1139 (31),
946 1077 1016 1138 grtln
1034 1073 1083 1123 suf
1100 1074 1169 1138 Scin,
1188 1074 1226 1124 1v
1239 1073 1268 1124 G.
1289 1074 1335 1124 U.:
1354 1091 1374 1122 a
1386 1074 1522 1124 chunrat·

324 1195 452 1209 .......
472 1187 504 1196 -
523 1159 571 1210 111.
589 1161 753 1226 beschltdigt,
773 1161 843 1211 rund
860 1157 927 1228 (28),
946 1161 1097 1226 ungaffirbt,
1114 1161 1152 1210 lv
1163 1162 1187 1212 Δ
1198 1165 1222 1212 2.
1251 1163 1299 1213 U.r
1322 1163 1338 1227 ’y
1356 1179 1377 1212 a.
1395 1161 1525 1228 lc[v]polt

321 1248 457 1310 †flotzcr.
494 1247 550 1296 Aur
565 1247 618 1296 den
636 1248 802 1314 Dreiborgen
826 1249 871 1298 oin
890 1249 1076 1300 Kirschbaum.
1112 1250 1162 1298 Am
1180 1249 1230 1299 Rv.
1254 1249 1302 1299 dar
1324 1249 1426 1315 Signat,
1451 1250 1524 1309 oval,

322 1333 474 1399 ungeltrbt.
511 1332 564 1383 Ein
588 1334 733 1400 fliegonder
757 1334 851 1400 Vogel.
871 1363 902 1370 —
922 1335 967 1384 IV.
987 1336 1055 1385 rund
1072 1335 1138 1402 (27),
1161 1337 1311 1402 nngclarbt,
1334 1336 1441 1386 Ivaa.
1472 1336 1519 1387 U.:

322 1421 338 1484 †
357 1419 475 1486 aigillvm
490 1437 495 1447 ·
508 1421 607 1471 michel
620 1437 626 1447 ·
642 1422 766 1472 riennolt.
788 1422 858 1471 Eine
871 1421 1092 1472 Handelsmarke.
1113 1450 1145 1458 -
1165 1422 1197 1472 V.
1207 1423 1275 1472 rund
1291 1422 1356 1488 (29),
1368 1422 1524 1487 ηηςοῑίτὴι,

322 1507 359 1556 IV
374 1508 396 1557 Α
414 1511 437 1558 2.
458 1507 504 1558 U.:
524 1510 540 1573 †
559 1523 578 1558 s.
598 1509 683 1559 hanns
697 1523 703 1536 ·
717 1509 885 1558 wavcahot'or
898 1521 904 1533 ·
918 1525 943 1559 s.
980 1509 1036 1560 sus
1052 1509 1104 1558 den
1124 1509 1290 1576 Drcibergen
1309 1512 1370 1560 eine
1389 1510 1485 1561 Eiche.

365 1786 464 1855 lucu
1054 1794 1476 1866 resona-raaoauwcg.

322 1981 387 2045 Aut
408 1981 543 2045 llsomos
557 2001 618 2044 von
633 1978 787 2062 Gdttweip
808 1981 878 2044 und
898 1981 950 2045 die
964 1980 1099 2062 Prdpste
1120 1980 1246 2062 Goopor
1267 2001 1328 2046 oon
1342 1980 1390 2047 St.
1404 1981 1522 2048 Polteu

321 2085 388 2150 uod
411 2082 521 2152 Ulricla
542 2104 602 2148 ooo
624 2084 672 2149 St.
688 2085 822 2150 Accae
843 2105 888 2149 ou
910 2086 965 2148 der
987 2085 1120 2150 rrauen
1142 2085 1291 2150 ersuolaeu
1319 2087 1380 2150 den
1402 2085 1525 2168 Propst

322 2190 424 2272 Georp
446 2210 506 2252 ocu
528 2189 807 2272 Klosteraeuburp,
830 2191 876 2254 sie
901 2190 950 2253 bei
964 2188 1104 2271 Buchof
1119 2189 1290 2255 Leonlord
1310 2209 1370 2254 voa
1391 2190 1525 2256 Possou

322 2314 425 2376 wepeu
446 2293 503 2356 der
525 2293 769 2375 Uumo'plr'clakeit
791 2314 836 2358 ou
858 2294 914 2358 der
935 2292 1098 2358 Porsuuer
1120 2294 1248 2377 Synode
1270 2294 1521 2360 theilrunehmeu

767 2419 809 2464 au
830 2397 1074 2480 eatscduldiqeu.

426 2590 611 2641 Notirenblutt
630 2591 675 2652 VI,
693 2591 744 2640 536
762 2606 801 2640 nr.
815 2593 851 2640 22
869 2591 939 2640 nach
957 2591 982 2640 d.
997 2590 1070 2655 Orig.
1086 2590 1135 2640 auf
1150 2591 1216 2656 Pap.
1240 2592 1277 2641 im
1295 2590 1374 2641 Aroh.
1387 2590 1413 2642 d.
1426 2591 1521 2641 Stiites

323 2678 561 2744 Klosterncuburg.

427 2850 508 2917 Ourn
533 2852 658 2915 devotis
682 2861 741 2915 etc.
787 2852 844 2917 Uti
874 2872 935 2915 non
960 2850 1154 2937 ambigimus
1185 2874 1216 2915 r.
1233 2875 1265 2937 p.
1283 2864 1431 2917 constare
1463 2875 1523 2938 per

323 2953 539 3019 reverendum
572 2956 606 3019 in
637 2954 764 3019 Christo
799 2964 934 3039 patrem,
969 2954 1134 3019 dominum
1167 2964 1322 3040 nostrum,
1356 2957 1520 3021 dominum

321 3056 529 3123 Leonardum
553 3058 690 3121 ecclesie
712 3060 914 3123 Pataviensis
936 3059 1098 3144 presulem
1121 3082 1180 3146 pro
1203 3060 1315 3125 sinodo
1343 3061 1519 3146 episcopali

323 3162 497 3227 dominica:
532 3162 767 3227 misericordias
801 3161 922 3228 domini
954 3164 1068 3246 (April
1097 3166 1166 3247 10),
1200 3167 1346 3249 proxime
1380 3168 1521 3229 instante

323 3266 519 3332 celebranda
535 3267 576 3332 ad
592 3268 761 3332 Patavium
776 3279 809 3332 et
824 3267 920 3353 paulo
935 3279 1008 3353 post
1021 3290 1079 3352 pro
1096 3268 1149 3331 die
1164 3268 1317 3332 Mercurii
1332 3270 1446 3351 (drmit
1460 3271 1519 3346 13)

323 3394 365 3436 ex
389 3382 465 3437 tunc
488 3371 672 3436 immediate
697 3381 852 3457 sequente
875 3393 933 3456 per
962 3371 1118 3436 illustrem
1149 3374 1326 3459 principem
1357 3383 1390 3436 et
1420 3373 1521 3437 domi·

322 3498 410 3560 num,
439 3475 603 3540 dominum
634 3474 817 3539 Fridricum
849 3475 966 3540 ducem
995 3476 1126 3540 Austrie
1157 3485 1216 3539 eto.
1234 3498 1332 3561 super
1361 3477 1522 3541 nonnullis

322 3583 467 3666 negociis
491 3579 599 3645 domui
623 3579 753 3644 Austrie
776 3580 1015 3645 imminentibus
1038 3603 1096 3645 nos
1118 3604 1184 3645 una
1206 3604 1280 3645 cum
1296 3581 1366 3646 aliis
1389 3582 1521 3667 prelatis

322 3685 364 3749 ad
388 3684 562 3749 Wiennam
584 3684 652 3749 fore
680 3694 832 3749 evocatos
856 3695 887 3750 et
917 3684 1003 3771 quod
1034 3688 1162 3772 utrique
1192 3689 1358 3751 vocacioni
1388 3698 1521 3773 propter

322 3791 530 3853 terminorum
561 3791 758 3854 vicinitatem
781 3798 814 3854 et
842 3790 984 3854 locorum
1015 3790 1204 3855 distanoiam
1234 3794 1405 3877 nequimus
1436 3814 1519 3857 com·

323 3915 446 3978 parere.
494 3892 604 3973 Quare
627 3892 670 3957 ad
693 3916 723 3958 v.
739 3916 770 3979 p.
788 3906 952 3979 tamquam
974 3893 1018 3957 ad
1040 3904 1186 3959 nostrum
1208 3904 1333 3980 patrem
1363 3904 1395 3959 et
1418 3894 1521 3960 direc-

321 4008 423 4061 torem
446 3996 641 4081 singularem
655 4000 853 4062 recurrimus
876 3996 1026 4062 humilius
1043 3997 1270 4084 supplicantes,
1294 4009 1454 4084 quatenus
1476 3998 1519 4063 ob

322 4110 502 4166 nostrarum
526 4123 659 4187 precum
680 4111 865 4187 respectum
879 4101 1040 4187 prefatum
1056 4102 1221 4188 dominum
1243 4112 1398 4185 nostrum,
1421 4102 1520 4167 domi·

322 4228 399 4269 num
423 4208 608 4291 episcopum
631 4214 692 4270 etc.
710 4204 869 4271 accedere
893 4216 925 4269 et
944 4228 1001 4269 sue
1025 4208 1209 4291 paternitati
1232 4208 1359 4271 nomine
1374 4216 1520 4271 nostrum

324 4308 506 4396 supplicare
521 4310 709 4394 dignemini,
725 4312 878 4395 quatinus
894 4319 1016 4375 attenta
1032 4310 1151 4374 domini
1174 4312 1329 4397 principis
1343 4313 1520 4376 vocacione

322 4436 381 4479 nos
405 4414 445 4479 de
462 4416 696 4500 comparicione
717 4424 753 4478 ut
771 4417 965 4500 premittitur
984 4417 1017 4479 in
1038 4414 1148 4479 sinodo
1164 4414 1348 4479 Patavionsi
1368 4414 1521 4481 facienda

323 4516 475 4606 dignetur
497 4521 643 4604 graciose
666 4528 858 4605 supportare
882 4529 914 4583 et
927 4521 960 4583 in
984 4541 1070 4602 casu,
1088 4541 1152 4604 quo
1175 4518 1291 4584 eadem
1306 4542 1338 4584 v.
1350 4541 1382 4605 p.
1396 4518 1518 4585 dictum

324 4622 488 4689 dominum
510 4632 654 4688 nostrum
686 4625 873 4710 episcopum
895 4622 939 4687 ad
962 4622 1142 4687 huiusmodi
1169 4625 1333 4709 peticionis
1355 4624 1519 4689 affirmati·

322 4750 397 4793 ram
420 4726 665 4793 exaudicioncm
687 4726 842 4793 inducere
868 4749 930 4793 non
953 4730 1076 4813 poterit,
1092 4727 1155 4793 lroc
1171 4727 1262 4793 nobis
1286 4729 1470 4812 significare
1486 4738 1520 4795 et
