3250 5500
1229 498 1295 565 495

102 687 263 753 duntaxat
276 687 334 753 tibi
350 688 591 754 absolucionem
603 688 745 755 debitam
757 691 790 755 in
802 689 905 755 forma
921 690 1056 755 ecclesie
1073 700 1224 757 consueta
1239 693 1294 757 im·

101 790 247 878 pendere
278 803 310 858 et
338 795 554 879 penitenciam
584 794 757 859 salutarem
785 796 953 880 iniungere
981 816 1107 861 necnon
1129 796 1294 882 predictus

101 898 269 963 confessor
298 897 352 963 vel
374 898 464 984 alius,
492 921 590 985 quem
613 898 746 964 duxeris
769 898 962 984 eligendum,
986 902 1125 966 omnium
1149 911 1294 986 peccato

99 1025 174 1068 rum
196 1013 334 1087 tuorum,
359 1001 400 1068 de
423 1003 540 1090 quibus
563 1002 661 1068 corde
684 1008 838 1069 contritus
862 1014 893 1069 et
916 1026 970 1069 ore
994 1005 1158 1071 confessus
1184 1005 1293 1087 fueris,

100 1110 199 1173 etiam
228 1107 328 1173 semel
358 1107 519 1173 duntaxat
547 1110 580 1173 in
610 1110 719 1173 mortis
748 1108 883 1173 articulo
912 1108 1041 1195 plenam
1074 1112 1294 1176 remissionem

99 1212 159 1278 tibi
187 1216 221 1279 in
250 1215 433 1279 sinceritate
456 1213 533 1279 fidei
554 1215 677 1280 unitate
699 1224 810 1279 sancte
833 1214 978 1280 Romane
1001 1212 1137 1281 ecclesie
1159 1238 1199 1281 ac
1221 1215 1294 1281 obe-

100 1318 229 1385 diencia
256 1328 291 1385 et
319 1317 496 1385 devocione
523 1329 632 1385 nostra
653 1319 707 1384 vel
731 1340 955 1386 successorum
976 1330 1156 1386 nostrorum
1179 1320 1293 1386 Roma-

99 1445 214 1489 norum
244 1424 432 1509 pontificum
462 1425 618 1489 canonice
648 1425 840 1489 intrancium
870 1424 1074 1511 persistentib
1104 1426 1293 1491 auctoritate

99 1527 276 1614 apostolica
298 1528 479 1595 concedere
502 1528 618 1612 valeat,
642 1528 805 1595 devotioni
827 1538 882 1593 tue
905 1537 1014 1593 tenore
1037 1531 1235 1615 presentium
1249 1530 1294 1594 in-

100 1632 273 1719 dulgemus
302 1635 350 1698 sic
378 1644 498 1718 tamen,
528 1632 616 1720 quod
646 1632 733 1698 idem
756 1633 923 1699 confessor
946 1632 987 1698 de
1009 1632 1081 1718 hiis,
1113 1633 1293 1720 dequibus

99 1738 198 1803 fucrit
226 1737 317 1803 alteri
347 1738 520 1804 satisfactio
549 1736 777 1823 impendenda,
808 1760 880 1803 eam
908 1736 965 1802 tibi
994 1758 1054 1824 per
1080 1746 1112 1802 te
1135 1740 1162 1801 si
1185 1760 1292 1824 super-

99 1845 224 1909 vixeris
254 1842 308 1909 vel
338 1865 398 1908 ver
420 1842 508 1924 alios,
540 1844 567 1907 si
589 1842 671 1907 forte
693 1851 771 1908 tunc
792 1851 891 1908 tunc⁰
914 1842 1088 1925 transieris,
1111 1840 1294 1907 faciendam

97 1949 255 2034 iniungat,
278 1969 375 2034 quam
397 1956 433 2013 tu
454 1946 508 2013 vel
529 1946 574 2012 illi
596 1947 705 2012 facere
726 1948 902 2012 teneamini
924 1956 960 2011 ut
982 1945 1151 2033 prefertur.
1186 1947 1230 2012 Et
1251 1968 1293 2011 ne

98 2052 188 2140 quod
217 2052 313 2136 absit,
342 2061 474 2139 propter
503 2050 687 2117 huiusmodi
715 2053 852 2136 gratiam
880 2049 1028 2117 reddaris
1058 2051 1229 2138 proclivior
1250 2051 1293 2117 ad

95 2158 208 2223 illicita
222 2159 430 2244 imposterum
445 2155 683 2240 committenda,
706 2156 865 2242 volumus,
889 2155 1018 2243 quodsi
1034 2178 1076 2221 ex
1092 2156 1294 2223 confidencia

96 2264 294 2328 remissionis
324 2260 508 2327 huiusmodi
533 2261 642 2348 aliqua
663 2261 745 2327 forte
768 2264 995 2343 committeres,
1019 2260 1126 2348 quoad
1148 2260 1202 2327 illa
1224 2283 1292 2348 pre-

98 2366 189 2432 dicta
220 2368 365 2432 remissio
398 2363 457 2431 tibi
489 2366 671 2431 nullatenus
701 2366 896 2451 suffragetur
926 2366 1076 2452 quodque
1106 2388 1165 2453 per
1193 2387 1294 2432 unum

96 2494 221 2539 annum
251 2494 272 2537 a
300 2482 455 2558 tempore,
486 2493 549 2557 quo
571 2493 705 2559 presens
727 2480 838 2536 nostra
861 2472 1024 2536 concessio
1047 2470 1089 2537 ad
1112 2482 1200 2538 tilam
1223 2494 1293 2557 per·

95 2579 226 2643 venerit
258 2577 419 2661 noticiam,
453 2574 706 2663 computandum
739 2575 872 2663 singulis
906 2579 1005 2641 sextis
1040 2577 1128 2641 feriis
1162 2574 1293 2663 impedi-

95 2691 208 2749 meuto
230 2680 372 2768 legitimo
395 2690 542 2747 cessante
563 2683 685 2745 ieiunos
708 2690 741 2747 et
764 2684 790 2745 si
813 2680 965 2769 predictis
981 2682 1067 2746 feriis
1083 2704 1125 2747 ex
1140 2690 1293 2768 precepto

92 2788 235 2855 ecclesie
265 2788 406 2873 regulari
435 2786 648 2853 observancia
669 2789 815 2853 iniuncta
836 2789 1019 2875 penitencia
1040 2797 1115 2853 voto
1139 2787 1192 2852 vel
1214 2787 1293 2852 alias

92 2895 241 2959 ieiunare
270 2895 420 2976 tenearis,
449 2914 516 2957 una
545 2891 608 2956 alia
637 2891 691 2956 die
713 2892 914 2978 singularum
936 2893 1189 2979 septimanarum
1212 2894 1292 2956 eius-

92 2998 172 3063 dem
201 2998 287 3082 anni,
319 3019 384 3084 qua
412 2995 456 3062 ad
478 2995 686 3062 ieiunandum
708 3005 745 3061 ut
766 2998 959 3082 premittitur
980 3019 1045 3061 non
1068 2999 1110 3061 eis
1132 2998 1291 3079 astrictus,

91 3104 230 3169 ieiunes.
262 3103 304 3167 Et
326 3103 353 3167 si
375 3103 408 3166 in
432 3101 517 3166 dioto
540 3124 624 3166 anno
645 3101 698 3166 vel
721 3101 830 3188 aliqua
853 3103 920 3167 eius
940 3111 1032 3189 parte
1049 3123 1136 3166 esses
1151 3101 1292 3188 legitime

90 3207 278 3293 impeditus,
301 3229 386 3272 anno
409 3209 556 3293 sequenti
577 3205 631 3272 vel
653 3205 742 3293 alias,
766 3229 864 3293 quam
886 3208 1026 3293 primum
1041 3208 1172 3293 poteris,
1194 3205 1291 3271 modo

91 3311 191 3378 simili
224 3312 375 3400 supplere
405 3311 587 3377 huiusmodi
616 3314 769 3378 ieiunium
799 3313 949 3378 tenearis.
995 3312 1096 3377 Porro
1126 3313 1154 3376 si
1184 3310 1292 3378 forsan

90 3419 177 3483 alias
206 3416 401 3504 prelibatum
431 3419 584 3482 ieiunium
613 3418 647 3482 in
668 3427 734 3482 toto
756 3416 810 3482 vel
833 3419 865 3481 in
888 3425 979 3503 parte
1002 3415 1292 3504 quomodocunque

90 3521 274 3607 adimplere
297 3521 465 3587 commode
488 3522 682 3609 nequiveris,
707 3544 745 3587 eo
766 3543 844 3587 casu
860 3522 1023 3588 consessor
1037 3520 1202 3608 predictus
1217 3522 1292 3586 ieiu-

89 3628 186 3692 nium
219 3628 324 3711 ipsum
358 3628 391 3692 in
426 3627 489 3692 alia
521 3629 648 3713 pietatis
682 3648 781 3713 opera
815 3636 1013 3693 commutare
1046 3625 1163 3710 valeat,
1198 3635 1294 3712 prout

90 3733 203 3797 anime
230 3739 285 3796 tue
316 3729 411 3797 saluti
439 3731 558 3798 viderit
587 3729 755 3818 expedire,
786 3753 850 3818 que
880 3741 916 3797 tu
946 3732 1016 3818 pari
1044 3730 1140 3797 modo
1171 3729 1292 3796 debeas

89 3833 285 3922 adimplere,
316 3835 458 3922 alioquin
486 3857 622 3922 presens
644 3845 753 3901 nostra
775 3838 940 3902 concessio
963 3834 1071 3924 quoad
1093 3835 1223 3922 plenam
1244 3858 1291 3900 re·

88 3943 280 4006 missionem
312 3939 495 4005 huiusmodi
523 3940 682 4007 duntaxat
704 3939 821 4006 nullius
844 3943 884 4006 sit
905 3940 1030 4007 roboris
1052 3940 1106 4005 vel
1128 3943 1291 4006 momenti.

87 4045 183 4112 Nulli
206 4067 283 4128 ergo
305 4053 366 4110 eto.
411 4045 533 4111 Datum
556 4046 659 4111 Rome
688 4046 777 4132 apud
800 4045 956 4112 Sanctum
978 4047 1112 4111 Petrum
1140 4069 1224 4112 anno
1247 4049 1292 4110 in·

90 4152 291 4216 carnationis
314 4150 474 4217 dominice
496 4149 662 4215 millesimo
685 4149 1003 4236 quadringentesimo
1026 4153 1292 4237 quinquagesimo

88 4265 219 4341 octavo,
244 4255 369 4322 decimo
392 4254 552 4322 kalendas
574 4257 659 4340 maii,
682 4255 887 4343 pontificatus
910 4257 1010 4322 nostri
1032 4278 1117 4322 anno
1139 4264 1262 4342 quarto.

86 4535 178 4593 1455.
200 4538 214 4572 θ
233 4538 289 4588 Das
307 4537 388 4589 letata
405 4539 417 4588 ι’
434 4538 496 4588 eine
514 4537 661 4590 Correctur.
682 4563 714 4575 -
733 4547 744 4572 ⁰
762 4537 836 4604 Orig.
