3250 5500
318 518 383 582 266

363 716 463 785 1197.
1023 723 1107 780 1434
1123 724 1287 783 November
1305 725 1354 789 lt),
1371 726 1467 783 Boset.

320 889 393 955 Das
420 890 539 955 Boslcr
568 890 676 957 Ooacil
704 892 826 972 sordert
848 890 913 955 Aoo
943 890 1049 956 Laos
1078 912 1138 955 oon
1161 891 1313 975 Gettweip
1343 893 1411 974 auf,
1443 892 1515 956 dem

321 995 419 1077 stipae
442 994 632 1077 Banmburp
654 995 706 1059 die
735 995 849 1060 diesem
879 996 1071 1061 entrissenen
1093 995 1272 1078 Einlor'inftc
1300 998 1368 1061 and
1397 996 1516 1061 Recttc

470 1102 507 1163 in
528 1099 585 1164 der
607 1097 728 1181 Psarrc
749 1098 940 1182 Sitzcudorf
956 1100 1134 1165 wrederen
1156 1100 1358 1181 verschaffeu.

423 1292 504 1358 Orig„
532 1293 609 1358 Perg.
628 1293 677 1341 mit
694 1293 782 1343 einem
800 1293 884 1343 Riese.
922 1292 1000 1342 Bulle
1018 1298 1114 1343 sammt
1131 1292 1236 1343 Schnur
1254 1292 1415 1357 abgclnllen.

423 1415 478 1464 Aur
494 1415 541 1465 der
553 1415 689 1464 Textseite
707 1416 735 1464 in
754 1414 801 1464 der
812 1414 921 1466 rechten
934 1414 1073 1465 Obereolre
1091 1415 1126 1465 ist
1145 1414 1290 1465 vermerlrt:
1307 1415 1388 1479 pnrit
1404 1414 1515 1479 langem

320 1503 439 1566 Schulte3
459 1503 508 1552 uus
523 1502 572 1552 der
589 1501 760 1552 Aussenseite
781 1502 828 1551 dee
847 1502 935 1567 Bugee
958 1518 1010 1551 von
1029 1502 1075 1552 der
1094 1502 1127 1551 H.
1145 1502 1191 1551 des
1210 1500 1443 1561 musseium
1466 1503 1517 1550 mit

320 1589 445 1654 gleicher·
459 1590 551 1638 Tinte:
572 1586 602 1637 L.
617 1587 753 1639 Kuenlein.
773 1589 868 1640 'Unter
886 1588 946 1637 dem
966 1589 1041 1653 Buge
1059 1588 1131 1638 links
1156 1589 1202 1639 der
1220 1588 1459 1638 Koetenvarmerk:
1481 1586 1517 1649 V,-

320 1677 408 1726 rechte
425 1693 478 1726 von
496 1676 617 1743 gleicher
634 1676 670 1724 H.
688 1675 743 1725 und
767 1676 859 1725 Tinte:
882 1674 938 1727 θον.
971 1676 1025 1725 huf
1046 1674 1093 1725 der
1115 1675 1259 1726 Rttclrseite
1282 1677 1310 1726 in
1333 1676 1379 1725 der
1403 1675 1516 1725 rechten

320 1764 469 1814 Oberecke:
496 1760 567 1829 Vss.
582 1780 634 1827 pro
651 1779 701 1815 cor.

377 1924 382 1933 ¹
424 1939 642 2004 Sacrosancta
664 1936 824 2022 generalis
847 1935 992 2023 synodus
1008 1938 1200 2002 Basileensis
1216 1940 1248 2001 in
1265 1938 1376 2022 spiritu
1400 1946 1515 2000 sancto

209 2079 212 2081 v
321 2043 463 2128 legitime
486 2052 682 2127 congregate
704 2042 920 2106 universalem
944 2042 1114 2106 ecclesiam
1142 2052 1368 2127 representans
1396 2040 1515 2104 dilecto

321 2147 456 2212 ecclesie
479 2146 543 2211 filio
560 2199 568 2211 .
586 2198 592 2212 .
610 2147 722 2212 abbati
752 2149 935 2211 monasterii
957 2146 1207 2212 Choetwicensis
1230 2148 1431 2211 Pataviensis
1451 2143 1517 2209 dio-

321 2253 403 2316 cesis
433 2250 569 2317 salutem
600 2261 632 2315 et
661 2252 885 2335 omnipotentis
917 2250 970 2315 dei
1001 2250 1266 2316 benedictionem.
1313 2250 1519 2335 Significavit

321 2355 414 2419 nohis
437 2353 544 2419 dilecti
576 2354 712 2420 ecclesie
743 2355 821 2419 filii.
841 2408 847 2419 .
865 2358 1045 2441 prepositus
1069 2365 1101 2420 et
1125 2365 1302 2420 conventus
1329 2356 1518 2419 monasterii

321 2461 354 2523 in
377 2460 564 2545 Bawnburg
587 2460 708 2525 ordinis
731 2462 835 2523 sancti
865 2459 1037 2544 Augustini
1062 2458 1347 2545 Salcneburgensis
1379 2458 1518 2523 diocesis

321 2587 381 2650 per
403 2567 601 2650 prepositum
624 2565 705 2628 soliti
735 2564 921 2650 gubernari,
955 2563 1041 2654 quod
1072 2564 1214 2629 nonnulli
1244 2565 1418 2649 iniquitatis
1448 2561 1519 2645 filii,

322 2691 401 2756 quos
424 2692 554 2755 prorsus
577 2671 735 2760 ignorant,
759 2668 902 2733 decimae
924 2670 1085 2755 primicias
1109 2690 1225 2733 census
1240 2666 1386 2732 redditus
1408 2666 1519 2752 legata

322 2786 426 2839 terras
449 2774 559 2839 domos
582 2777 798 2860 possessiones
822 2773 1006 2839 molendina
1021 2795 1142 2858 pascua
1157 2795 1289 2838 nemore
1304 2774 1519 2837 instrumenta

323 2879 453 2965 publica
475 2879 644 2964 privilegia
666 2879 786 2943 litteras
809 2880 1010 2943 auctenticas
1025 2881 1255 2964 peccuniurum
1279 2897 1421 2942 summas
1444 2878 1518 2940 iura

323 2983 564 3048 iurisdicciones
587 2982 684 3047 libros
708 2982 824 3047 calices
848 2993 1036 3047 ornamenta
1060 2981 1277 3047 ecclesiastica
1303 2989 1363 3045 ec·
1387 2980 1519 3044 nonulla

323 3087 386 3151 alie
408 3087 494 3152 bona
516 3086 558 3151 ad
573 3089 659 3173 ipsos
675 3097 708 3151 et
722 3086 957 3173 parrochialem
973 3085 1142 3150 ecclesiam
1158 3087 1189 3150 in
1206 3083 1410 3150 Siccendorff
1423 3085 1517 3149 Peta-

323 3193 442 3256 viensis
466 3190 601 3256 diocesis
624 3193 685 3276 ipsi
708 3193 902 3255 monasterio
926 3191 1081 3255 canonice
1103 3192 1340 3275 incorporatam
1363 3199 1395 3252 ct
1417 3211 1517 3273 quam

323 3298 383 3381 ipsi
406 3318 464 3381 per
485 3319 585 3360 unum
616 3319 658 3360 ex
688 3297 850 3360 canonicis
881 3295 957 3360 dieti
987 3296 1170 3358 monasterii
1200 3293 1355 3358 deserviri
1384 3293 1517 3376 faciunt,

324 3403 509 3485 spectaneia
543 3411 664 3465 temere
697 3423 736 3464 ac
770 3399 932 3464 maliciose
963 3398 1124 3464 occultare
1155 3407 1187 3462 et
1216 3398 1341 3463 occulte
1372 3397 1517 3462 detinere

325 3514 514 3590 presumunt
525 3527 589 3568 non
601 3514 751 3568 curantes
764 3526 804 3568 ea
816 3504 946 3588 prefatis
959 3505 1119 3590 preposito
1133 3513 1163 3567 et
1176 3503 1347 3567 conventui
1359 3499 1517 3565 exhibere

324 3611 357 3672 in
380 3611 558 3672 animarum
582 3631 712 3673 suarum
729 3607 908 3694 periculum
931 3620 963 3673 et
985 3609 1139 3694 prepositi
1160 3607 1220 3672 ac¹²
1245 3617 1424 3671 conventus
1445 3627 1516 3691 pre-

325 3713 483 3777 dictorum
506 3735 570 3776 non
585 3713 746 3777 modicum
763 3713 1000 3795 detrimentum,
1024 3733 1200 3798 superque
1222 3710 1320 3777 iidem
1335 3713 1517 3797 prepositus

324 3828 357 3882 et
379 3827 555 3882 conventus
578 3841 598 3880 a
612 3817 705 3882 nohis
720 3818 900 3882 remedium
915 3825 1106 3905 oportunum
1121 3815 1341 3901 implorarunt,
1364 3817 1520 3901 quocirca

325 3922 514 3986 discrecioni
536 3932 591 3986 tue
607 3945 666 4007 per
687 3920 749 3986 hee
765 3924 884 4008 scripte
900 3921 1100 4006 mandamus,
1119 3923 1267 4007 quatinus
1284 3943 1393 3985 omnes
1409 3920 1517 3983 huius·

325 4025 412 4090 modi
446 4025 588 4090 occultos
626 4024 808 4091 detentores
843 4026 1042 4090 decimarum
1079 4027 1298 4111 primiclerum
1331 4025 1517 4089 reddituum

327 4153 481 4195 censuum
503 4131 682 4217 legatorum
706 4142 738 4196 et
759 4132 894 4196 aliorum
924 4131 1081 4196 bonorum
1111 4129 1328 4216 predictorum
1359 4152 1401 4193 ex
1426 4141 1518 4214 parte

325 4244 434 4299 nostra
456 4235 584 4321 publice
607 4238 639 4299 in
655 4235 799 4300 ecclesiis
815 4257 924 4300 coram
940 4235 1056 4322 populo
1072 4244 1177 4320 perte
1193 4233 1245 4298 vel
1261 4233 1359 4298 alium
1375 4255 1519 4316 monere,

326 4350 362 4404 ut
384 4339 467 4404 infre
490 4350 724 4425 competentem
751 4342 933 4422 terminum,
965 4361 1061 4424 quem
1092 4341 1137 4404 eis
1168 4339 1349 4424 prefixeris,
1379 4360 1419 4402 ea
1448 4360 1519 4422 pre-

325 4447 427 4530 posito
451 4454 483 4508 et
506 4446 678 4509 conventui
700 4443 853 4530 predictis
876 4469 896 4508 a
919 4466 953 4508 se
978 4443 1087 4508 debita
1113 4446 1284 4508 restituant
1311 4451 1343 4508 et
1372 4441 1520 4507 revelent

326 4551 419 4633 a[c]⁶
459 4549 500 4614 de
537 4549 598 4613 illis
643 4547 786 4613 debitam
824 4548 1082 4613 satisfaccionem
1123 4547 1312 4634 impendant
1353 4556 1385 4611 et
1422 4549 1447 4610 si
1485 4547 1519 4610 id

326 4723 404 4776 1197.
428 4734 442 4759 ⁸
455 4743 485 4775 cc
496 4724 538 4775 ele
550 4725 692 4775 correctur
707 4725 910 4790 eingeschoben.
932 4751 963 4760 -
984 4723 1065 4774 1’Διιΐ
1074 4724 1167 4774 Raeur.
1188 4750 1220 4759 -
1239 4733 1250 4758 ⁰
1262 4723 1353 4773 Durch
1366 4723 1446 4772 einen
1459 4721 1521 4773 Rise

327 4817 444 4864 nersthrt.
