3250 5500
1250 493 1316 560 333

120 685 240 752 Christi
263 685 413 752 fidelibus
436 693 601 772 presentes
625 685 747 752 litteras
769 689 960 773 inspecturis
991 686 1127 752 salutem
1157 696 1190 752 et
1218 691 1315 754 omni-

120 793 259 877 potentis
290 790 343 855 dei
374 789 641 856 benedictionem.
687 792 782 856 Licet
809 794 836 856 is
859 801 932 875 etc,
955 792 1178 857 nichilominus
1207 802 1316 858 tamen

120 894 345 961 desiderantes
369 895 497 961 domino
519 896 672 982 populum
688 896 828 960 reddere
849 895 1082 982 acceptabilem
1105 907 1138 962 et
1159 897 1317 963 bonorum

119 1022 253 1087 opernm
283 1009 474 1066 sectatorem
503 999 617 1066 fideles
646 1003 733 1087 ipsos
763 1001 805 1064 ad
836 1001 1103 1087 complacendum
1133 1001 1194 1066 sibi
1223 1006 1316 1088 quasi

119 1104 315 1190 quibusdam
346 1105 501 1171 allectivis
532 1105 719 1170 muneribus
749 1105 962 1191 indulgenciis
992 1106 1115 1190 scilicet
1144 1116 1177 1170 et
1208 1109 1316 1172 remis-

119 1210 263 1276 sionibus
285 1212 469 1294 invitamus,
491 1219 527 1275 ut
550 1203 668 1275 exinde
691 1209 871 1275 reddantur
897 1209 1005 1276 divine
1027 1213 1136 1295 gracie
1160 1214 1314 1297 apciores.

119 1314 296 1401 Cupientes
319 1317 424 1400 igitur,
449 1323 484 1379 ut
506 1314 630 1401 capella
660 1316 761 1380 sancti
783 1313 882 1380 Blasii
906 1313 947 1378 de
970 1314 1089 1380 Sancto
1111 1315 1229 1400 Blasio,
1252 1337 1316 1401 que

119 1421 207 1485 infra
235 1429 376 1486 montem
401 1419 564 1506 Gdttweig
593 1419 637 1484 ad
666 1421 895 1485 monasterium
925 1419 1020 1484 beate
1051 1419 1155 1485 Maris
1183 1423 1316 1505 virginis

119 1529 153 1591 in
176 1524 335 1610 thvvico,
359 1525 479 1590 ordinis
506 1527 610 1590 sancti
632 1523 801 1590 Benedicti
824 1525 1025 1590 Pataviensis
1053 1524 1200 1609 diocesis,
1222 1528 1316 1611 perti-

119 1641 253 1695 nentem
283 1640 319 1695 ut
348 1632 501 1695 asseritur
530 1632 646 1694 situata
677 1631 785 1694 existit
814 1639 847 1693 et
880 1632 970 1694 cuius
1004 1628 1132 1694 edificia
1158 1629 1199 1694 de
1232 1652 1316 1695 novo

120 1734 273 1800 edificata
295 1744 369 1800 sunt
392 1744 423 1799 et
444 1756 503 1821 pro
519 1744 680 1799 structura
702 1756 761 1798 sua
776 1733 838 1798 sibi
860 1757 923 1799 non
938 1743 1114 1820 suppetunt
1135 1733 1315 1818 facultates,

119 1864 140 1904 a
163 1839 283 1904 Christi
311 1839 458 1904 fidelibus
490 1841 639 1924 congruis
668 1838 844 1904 honoribus
875 1839 1096 1924 frequentetur
1127 1849 1160 1904 et
1188 1847 1224 1903 ut
1255 1840 1317 1924 ipsi

119 1943 241 2009 Christi
278 1942 391 2008 fideles
429 1965 466 2008 eo
500 1942 656 2008 libencius
695 1965 793 2008 causa
833 1943 1018 2008 devocionis
1056 1943 1234 2027 confluant,
1273 1943 1316 2009 ad

120 2048 260 2113 eandem
285 2059 317 2112 st
339 2047 381 2112 ad
405 2047 648 2113 edificacionem
669 2047 852 2114 huiusmodi
874 2069 990 2113 manus
1011 2050 1196 2134 prompcius
1218 2050 1315 2133 porri-

119 2163 199 2239 gant
221 2151 406 2235 adiutriceS,
430 2174 493 2239 quo
517 2175 559 2217 ex
582 2151 643 2216 hoc
666 2151 788 2217 ibidem
810 2153 894 2217 dono
911 2153 1037 2218 celestis
1059 2155 1169 2238 gracie
1183 2153 1316 2218 uberius

121 2260 354 2343 conspexerint
386 2279 420 2322 se
454 2257 603 2341 refectos,
634 2256 675 2321 de
705 2258 928 2343 omnipotentis
955 2257 1009 2322 dei
1037 2257 1255 2322 misericordia
1286 2265 1318 2321 et

119 2363 290 2427 beatorum
312 2363 399 2427 Petri
423 2371 455 2427 et
476 2363 569 2427 Pauli
591 2361 805 2448 apostolorum
823 2365 891 2426 eius
913 2385 953 2428 ac
975 2362 1165 2428 universalis
1181 2361 1316 2426 ecclesie

118 2465 363 2533 auctoritatibus
386 2467 498 2532 confisi
522 2467 669 2532 omnibus
692 2488 768 2532 vere
792 2467 1009 2554 penitentibus
1032 2475 1065 2531 et
1080 2467 1245 2550 confessis,
1261 2468 1316 2552 qui

119 2576 155 2637 in
178 2573 260 2638 festo
282 2572 398 2659 prefati
422 2574 525 2636 sancti
547 2593 673 2636 necnon
697 2573 796 2658 ipsius
812 2571 935 2657 capelle
952 2571 1162 2637 dedicacionc
1179 2570 1317 2635 eandem

120 2677 239 2743 devote
263 2678 466 2742 visitaverint
496 2679 661 2742 annuatim
684 2675 780 2742 etad
811 2678 880 2741 cius
911 2676 1152 2742 edificacionem
1182 2686 1215 2741 et
1244 2698 1316 2740 con·

118 2784 337 2849 sti-uccionem
359 2806 472 2848 manus
488 2785 690 2868 porrexerint
713 2782 895 2866 adiutrices,
918 2804 1020 2847 unum
1035 2804 1157 2846 annum
1172 2791 1205 2845 et
1218 2803 1316 2846 unam

118 2888 365 2975 quadragenam
395 2888 436 2952 de
465 2889 615 2953 iniunctis
647 2890 692 2953 eis
718 2888 908 2973 peniteneiis
937 2895 1093 2973 perpetuo
1119 2886 1314 2951 relaxamus.

117 2994 245 3059 Datum
267 2992 394 3057 Basilec
419 2993 491 3057 VII.
509 2992 581 3057 idus
603 2992 670 3057 iulii
692 3014 776 3057 anno
792 3014 812 3057 a
826 2994 994 3057 nativitate
1017 2991 1136 3056 domini
1151 2990 1317 3056 millesimo

119 3097 440 3185 quadringentesimo
462 3097 719 3183 quadragesimo.

165 3363 268 3430 1253.
933 3368 1016 3425 1440
1031 3368 1093 3424 lull
1111 3368 1161 3433 11,
1179 3368 1273 3425 chn.

225 3554 336 3638 Kooip
365 3555 534 3621 Fridree'ch
557 3554 600 3640 [I
603 3556 657 3639 VJ
688 3555 833 3637 beatdtiyt
860 3555 930 3619 dem
955 3553 1055 3636 Sotae
1082 3574 1155 3619 com
1177 3552 1319 3638 Gottwey

117 3662 187 3743 aa(
220 3660 335 3725 Bittea
366 3660 421 3725 cles
458 3660 555 3725 Abies
588 3658 731 3745 [lacos]
764 3660 818 3723 dic
849 3658 1044 3742 Privilepiea
1081 3659 1138 3723 der
1171 3658 1321 3725 Urlumde

117 3765 247 3848 Herrop
269 3764 433 3830 Albrcobts
454 3763 535 3849 [VJ
559 3765 623 3848 (ur.
645 3765 757 3848 1053),
785 3764 897 3829 coelebs
922 3763 1064 3828 wdrtlicb
1090 3765 1238 3829 inseriert
1267 3765 1318 3829 iat.

226 3869 361 3953 Siepler:
385 3868 494 3955 Konig
517 3868 686 3934 Fridreich
710 3868 807 3951 [IV.].

226 3973 365 4039 Datum:
389 3973 506 4039 (leben
529 3996 567 4037 ne
591 3974 687 4039 Wien
712 3972 846 4059 versiglt
874 3974 932 4037 mit
955 3995 1085 4038 unserm
1111 3972 1234 4058 insigel‚
1259 3971 1318 4036 das

118 4082 180 4143 wir
201 4080 234 4143 in
257 4100 407 4143 unsercm
430 4076 645 4142 ft1stentumb
669 4076 812 4141 unczher
826 4075 1008 4163 gebraucht
1031 4075 1147 4158 haben,
1171 4100 1213 4141 an
1236 4075 1318 4141 sand

117 4184 387 4269 Margrctentag·
410 4181 519 4247 abend
543 4180 666 4269 (1440),
690 4204 804 4247 unsers
827 4180 933 4247 reichs
956 4183 1000 4245 im
1022 4191 1130 4245 ersten
1152 4183 1229 4246 iare.

227 4358 311 4423 Copia
330 4359 358 4408 in
376 4357 474 4411 cono
493 4358 510 4408 r.
524 4353 586 4408 rso'
598 4356 616 4409 r.

226 4480 496 4533 Kanalsivermerlrer
522 4480 673 4545 Preces-ipro
699 4482 886 4547 rewpseor’mm
908 4480 963 4530 und
987 4480 1093 4532 Dantur·
1117 4481 1184 4544 reple
1206 4480 1319 4542 propria

117 4585 269 4621 commune.

119 4794 207 4851 1259.
231 4808 244 4831 ⁸
262 4804 306 4865 usp
322 4798 424 4865 getilgt
