3250 5500
1267 497 1310 563 25

118 717 235 772 persona
266 692 368 778 ipsius
397 690 486 758 Petri
515 690 643 758 abbatis
673 699 758 756 nobis
779 705 810 756 st
828 698 935 756 eisdem
953 697 1093 755 iratribus
1112 697 1150 754 ob
1169 697 1310 754 dictorum

117 817 246 862 suorum
276 805 450 879 exigentiam
472 805 636 862 meritorum
659 809 778 878 accepta
799 805 893 861 eidem
915 805 1089 860 monasterio
1111 804 1148 860 de
1170 802 1311 860 dictorum

10 937 11 980 ἢ
117 908 234 966 fratrum
254 909 375 966 consilio
395 909 566 966 auctoritate
581 909 739 983 apostolica
760 900 961 987 providimus
983 902 1155 988 ipsumque
1176 909 1220 963 illi
1241 922 1311 986 pre·

10 985 12 1004 J
119 1004 253 1070 fecimus
275 1013 307 1070 in
322 1013 457 1070 abbatem
471 1031 570 1070 curam
586 1019 616 1070 ct
630 1014 908 1070 administrationem
922 1013 993 1070 dicti
1008 1013 1174 1070 monasterii
1195 1003 1258 1070 sibi
1279 1013 1311 1069 in

118 1119 317 1190 spiritualibus
331 1124 361 1174 et
375 1118 581 1190 temporalibus
595 1119 724 1190 plenarie
739 1119 943 1176 committendo
957 1119 988 1174 in
1003 1118 1063 1190 illo,
1078 1119 1130 1190 qui
1140 1119 1192 1174 dat
1201 1118 1312 1192 gratias

10 1295 11 1302 J
118 1228 145 1278 et
162 1223 288 1296 largitur
308 1223 426 1296 premis,
447 1221 622 1280 confidentes
641 1224 720 1295 quod
740 1223 882 1297 dirigente
902 1223 1017 1280 domino
1036 1227 1118 1278 actus
1140 1236 1215 1281 suos
1236 1223 1312 1278 idam

10 1331 11 1406 i
118 1328 320 1384 monasterium
343 1345 394 1400 per
415 1321 515 1405 ipsius
541 1320 629 1384 Petri
657 1318 786 1385 abbatis
815 1327 1069 1401 circumpectionis
1091 1328 1261 1384 industriam
1283 1332 1313 1383 et

116 1433 241 1489 studium
263 1431 439 1488 fructuosum
457 1437 573 1506 regetur
587 1433 697 1490 utiliter
711 1438 742 1490 et
754 1450 890 1506 prospere
905 1432 1044 1507 dirigetur
1059 1438 1199 1506 grateque
1213 1434 1245 1489 in
1260 1434 1313 1490 eis·

10 1521 11 1550 ³
116 1538 176 1593 dem
196 1537 399 1610 spiritualibus
417 1543 448 1594 et
466 1537 671 1610 temporalibus
686 1538 823 1610 suscipiet
837 1538 1022 1594 incrementa.
1053 1535 1193 1594 Volumus
1205 1543 1311 1609 antem,

10 1651 12 1688 ἰ
116 1643 190 1714 quod
211 1643 315 1700 solitus
334 1642 538 1699 monachorum
557 1648 587 1699 et
605 1643 800 1698 ministrorum
818 1660 955 1698 numerus
972 1642 1004 1698 in
1032 1633 1118 1700 dicto
1140 1644 1312 1699 monasterio

117 1747 282 1803 nullatenus
302 1747 460 1804 minuatur.
491 1746 631 1813 Quocirca
649 1747 816 1804 discretioni
839 1748 947 1804 vesus
968 1764 1021 1820 per
1034 1748 1192 1820 apostoliea
1206 1748 1313 1820 scripta

118 1852 298 1923 mmdamus,
314 1852 453 1923 quatinus
475 1842 615 1910 eundern
638 1843 773 1912 Petrum
793 1843 948 1909 abbatem
970 1865 1030 1929 pro
1051 1854 1164 1910 nostra
1187 1853 1219 1910 et
1240 1866 1312 1930 apo

10 1973 11 2034 j
116 1946 230 2013 stoliee
261 1947 350 2014 sedis
381 1951 565 2014 reverentia
595 1947 736 2034 benigne
766 1950 959 2035 recipientes
981 1970 1021 2014 ac
1042 1948 1220 2014 honorifice
1242 1971 1312 2035 pcr-

10 2057 11 2126 ζ
116 2061 294 2118 bastantes
317 2051 498 2118 exhibeatis
521 2051 628 2118 eidam
649 2051 868 2118 obedientiam
890 2061 924 2119 et
945 2054 1163 2119 reverentiam
1186 2052 1313 2118 debitas

10 2153 13 2240 ζ.
116 2166 147 2222 et
174 2156 313 2222 devotas
341 2161 410 2223 cius
432 2156 576 2224 salubria
600 2159 720 2224 monita
743 2167 775 2224 et
796 2157 952 2224 mandata
974 2156 1190 2244 suscipiendo,
1212 2157 1313 2224 hnmi-

10 2257 12 2352 J
115 2259 185 2326 liter
209 2271 244 2326 et
266 2261 446 2328 efficaciter
466 2260 672 2348 adinplendo.
703 2261 857 2348 Alioquin
879 2264 1081 2346 sententiam,
1104 2283 1203 2348 quam
1225 2261 1313 2328 idem

10 2373 12 2446 ξ
115 2364 222 2432 abbas
244 2368 305 2431 rite
327 2365 435 2432 tulerit
455 2367 490 2431 in
510 2365 658 2450 rebelles,
681 2375 785 2432 ratam
806 2365 1001 2433 habebimus
1023 2375 1056 2432 et
1070 2367 1225 2432 faciemus
1239 2389 1314 2432 auc-

10 2509 12 2514 -
114 2479 182 2536 tore
217 2469 480 2556 dominansque
510 2470 553 2536 ad
583 2471 836 2538 satisfwtioncm
865 2471 1060 2557 condignam
1088 2471 1315 2537 inviolabiliter

10 2561 11 2584 ³
115 2573 297 2640 observari.
344 2574 467 2641 Datum
490 2574 592 2640 Rome
618 2575 707 2662 apud
730 2575 887 2643 Sanctum
908 2577 1042 2641 Petrum
1063 2575 1139 2642 XV.
1155 2574 1314 2641 kalendas

10 2764 12 2781 ,
118 2677 316 2764 decembris,
338 2679 542 2767 pontificatus
564 2683 665 2746 nostri
687 2702 772 2749 anno
795 2690 911 2769 quarto
935 2678 1070 2746 decimo.

158 2985 242 3054 920.
843 2992 926 3051 ¹4⁰2
941 2992 1107 3053 Noveubor
1122 2991 1174 3060 17,
1189 2993 1272 3051 Bon.

116 3194 225 3278 rapsa
248 3194 392 3278 naseas
414 3194 482 3261 rx.
505 3195 676 3279 sospem
697 3195 758 3261 aaa
781 3194 930 3261 Vasacen
950 3195 1005 3262 aa
1025 3186 1140 3278 soba
1162 3194 1317 3278 nascaq

293 3297 1146 3383 onammwwmoansearssn

226 3509 299 3577 Orig.
313 3508 368 3577 (Δ),
386 3511 463 3577 Perg.
500 3510 552 3563 Die
570 3511 707 3563 Bieibulle
725 3526 760 3562 an
779 3510 827 3565 der
844 3511 1020 3563 Haniscbnur
1036 3510 1210 3579 bescbidigt3
1233 3511 1318 3578 copie

119 3598 147 3647 in
166 3596 270 3648 coac
288 3598 307 3648 r.
320 3594 409 3649 aa1'f.
422 3595 476 3666 (s).

139 3825 143 3833 ι
225 3755 283 3805 Ani
308 3754 356 3806 der
383 3756 553 3815 dussenseite
582 3754 629 3806 des
661 3756 749 3821 Bugas
778 3755 867 3807 rachis
896 3757 933 3807 ist
957 3772 1011 3807 von
1037 3756 1085 3808 der
1111 3755 1146 3807 Η.
1170 3755 1216 3807 des
1238 3754 1317 3807 Ura.-

116 3842 279 3893 Sehrsibers
297 3842 443 3894 rermerkt:
470 3840 620 3907 Boterdum
647 3842 731 3894 links:
755 3842 792 3895 Μ.
810 3842 843 3893 de
860 3842 958 3894 Deliis
974 3860 1039 3908 cor.;
1062 3848 1141 3895 nnter
1163 3843 1224 3894 dem
1242 3844 1317 3910 liuga

117 3930 192 3981 linias
212 3944 263 4009 am
275 3928 370 3981 Rauda
387 3929 435 3981 der
451 3929 693 3982 Monatsrermerlr:
717 3930 780 3994 No.,·
807 3930 931 3982 dsnsben
949 3932 1074 3983 sinuatis
1091 3931 1138 3982 dor
1156 3931 1318 3983 Kcstenver·

118 4087 212 4139 merk:
235 4052 275 4173 {3
294 4086 432 4137 darunter:
453 4086 484 4138 P.
499 4086 606 4158 Petra93
625 4085 766 4139 darunter=
786 4087 821 4138 N.
839 4086 871 4137 da
889 4087 983 4154 Βαθὺς
1001 4089 1030 4137 in
1048 4087 1096 4139 der
1112 4086 1223 4139 rechten
1236 4088 1319 4139 obet:

119 4192 204 4243 ecke:
223 4190 256 4242 Β.
292 4190 349 4242 Ani
368 4190 416 4242 der
432 4190 578 4242 Bdckseite
601 4192 647 4242 der
664 4191 971 4259 Registraturvarmsrlr3
995 4194 1024 4243 in
1042 4191 1090 4245 der
1107 4191 1201 4244 linken
1220 4193 1320 4245 oberen

117 4278 210 4331 Ecba:
233 4278 262 4330 0.
278 4294 329 4343 pre
350 4277 378 4331 Τ.
398 4304 430 4317 -
449 4277 496 4330 Ala
509 4278 687 4331 Vornrknndo
705 4278 797 4331 diante
815 4296 855 4330 nr.
869 4281 928 4331 918.

226 4468 407 4535 Bonifatius
429 4472 609 4558 episeopus,
634 4493 749 4537 servus
769 4492 936 4537 servorum
952 4470 1015 4557 dei,
1031 4478 1143 4536 dilectis
1158 4478 1235 4551 filiis,
1251 4474 1316 4538 nni·

118 4576 226 4640 versis
250 4572 381 4640 vasallis
408 4584 573 4640 monasterii
591 4584 676 4641 beate
691 4584 781 4641 Maria
800 4584 832 4639 in
847 4583 976 4641 Gotwiao
991 4584 1121 4640 Romane
1136 4584 1254 4641 ecclesie
1270 4585 1319 4641 im·

121 4688 248 4744 mediate
263 4686 396 4759 subiecti,
412 4688 520 4745 ordinis
535 4688 628 4745 sancti
644 4688 793 4745 Benedicti
807 4687 991 4747 Pataviensis
1005 4689 1136 4762 diocesis,
1152 4690 1274 4747 salntem
1289 4696 1319 4747 et

123 4792 313 4865 apostolicam
339 4792 576 4851 benedictionem.
618 4794 698 4850 Inter
723 4794 920 4851 solicitudinss
945 4799 1000 4850 etc.
1041 4794 1159 4851 Dudum
1177 4794 1318 4867 siquidem
