3250 5500
1264 477 1286 541 3

192 669 212 719 1.
231 668 258 720 S.
271 668 295 718 d.
308 669 399 720 amu
418 669 533 735 llaymel
548 669 712 736 besohlldigt,
731 669 800 720 rond
813 667 880 736 (24),
898 674 966 736 grilu
979 669 1028 720 aui
1037 669 1098 722 sch.
1118 671 1165 722 Ua
1178 672 1196 736 †
1207 671 1285 721 acha·

6 755 7 758 ’
101 757 150 806 cius
164 755 271 820 haymsl
292 793 456 807 .......
492 756 542 808 Am
561 757 610 809 Rv.
630 757 677 808 das
696 757 791 824 Signat
808 757 975 820 undeutlich‚
994 758 1070 822 ruud,
1088 758 1239 824 uugefarbt.

136 997 208 1066 903.
897 1005 978 1064 nol
996 1007 1078 1063 libra
1093 1007 1144 1072 st,
1161 1007 1242 1064 Rom.

99 1192 194 1276 rapa
215 1193 362 1276 Bassos
377 1191 444 1258 rx.
468 1193 616 1276 euersa
644 1193 696 1258 ae
725 1194 791 1275 aas
811 1193 927 1275 sessa
951 1193 1056 1275 rape
1083 1193 1208 1261 ursam
1230 1194 1286 1260 VI.

99 1318 152 1362 oon
180 1299 253 1364 dun
273 1297 438 1364 Passaucr
460 1296 590 1380 Officiol
612 1297 784 1364 Leonhmd
809 1297 943 1364 Scitum
969 1300 1110 1381 versam
1135 1298 1287 1380 Incorpo-

6 1513 7 1518 ἵ
98 1404 196 1468 rotioa
231 1403 287 1468 der
320 1401 465 1486 Psorrcn
498 1401 772 1590 Ναϊὰθίέἶιίᾚ
803 1403 872 1468 aad
900 1403 1057 1469 Mentem
1088 1423 1162 1468 soon
1191 1403 1289 1485 sorae

192 1680 278 1748 Copia
296 1683 325 1731 in
344 1679 443 1732 (1on
461 1680 479 1730 f.
493 1677 555 1731 307'
567 1681 585 1733 f.

193 1821 374 1872 Vorurkunde
393 1821 437 1872 hei
453 1820 552 1882 Fuoha
570 1821 734 1888 Gettwsiger
747 1821 931 1873 Urk.·BuchI
947 1823 977 1872 in
988 1823 1066 1874 Font.
1079 1823 1104 1883 2,
1122 1822 1160 1873 Ll
1178 1839 1217 1874 ur.
1228 1825 1288 1874 783.

190 1993 402 2084 {Bonifatius
427 1995 607 2081 episcopus,
632 2016 746 2060 servus
769 2015 938 2060 servorum
961 1994 1054 2081 dei}
1074 1994 1200 2060 dilectis
1215 1995 1288 2059 filiis

96 2099 226 2164 Iohanni
257 2098 370 2164 abbati
400 2109 432 2163 et
463 2101 635 2164 conventui
665 2101 850 2164 monasterii
881 2110 994 2164 sancte
1016 2099 1121 2165 Mario
1143 2102 1175 2164 in
1200 2099 1289 2165 Gott-

95 2207 168 2268 wico
198 2203 323 2267 ordinis
354 2205 457 2267 sancti
487 2201 657 2268 Benedicti
687 2203 890 2268 Pataviensis
921 2203 1059 2268 diocesis
1090 2203 1227 2268 salutem
1256 2213 1289 2269 et

95 2307 299 2394 apostolicam
323 2306 592 2372 benedictionem.
630 2307 682 2372 Ex
705 2309 848 2372 iniuncto
872 2317 933 2372 etc.
970 2307 1106 2374 Dudum
1129 2308 1288 2395 siquidem

94 2435 147 2500 pro
176 2423 273 2500 parte
302 2421 412 2477 vestra
440 2410 543 2477 felicis
567 2411 798 2477 recordationis
815 2411 949 2478 Vrbano
973 2420 1081 2498 papa·
1103 2422 1196 2477 sexto
1219 2434 1287 2498 pre·

95 2517 256 2583 decessori
278 2526 386 2582 nostro
410 2518 566 2603 exposito,
590 2527 668 2598 quod
688 2525 832 2598 prefatum
854 2527 1000 2582 vestrum
1024 2527 1237 2596 monasterium,
1257 2526 1289 2581 in

95 2648 146 2702 quo
161 2631 284 2704 triginta
300 2631 356 2685 duo
376 2630 507 2686 monachi
527 2637 556 2686 et
575 2631 672 2704 plures
692 2630 828 2686 continue
848 2631 963 2686 domino
992 2621 1232 2687 famulabantur
1261 2635 1290 2686 et

94 2736 134 2791 cui
154 2736 302 2809 quoddam
322 2735 401 2791 aliud
421 2735 624 2791 monasterium
648 2735 813 2791 monialium
836 2735 961 2791 eiusdem
982 2735 1100 2807 ordinis,
1120 2735 1151 2789 in
1171 2754 1227 2807 quo
1250 2733 1290 2792 vi·

92 2842 160 2913 giuti
175 2847 304 2914 quatuor
319 2840 456 2895 moniales
480 2831 674 2915 existebant,
698 2858 732 2897 ac
748 2841 894 2912 quoddam
902 2840 1052 2922 'hospitale
1066 2857 1239 2913 pauperum,
1258 2840 1289 2895 in

93 2963 144 3017 quo
161 2945 296 3001 tredecim
311 2962 452 3017 pauperes
468 2936 722 3021 sustentabant*
747 2946 840 3001 erant
862 2962 973 3001 annexa
988 2950 1017 3000 et
1028 2945 1167 3015 subiecta,
1184 2944 1290 3016 quibus

94 3052 205 3121 quidem
223 3049 399 3105 monialibus
414 3056 443 3106 et
457 3050 635 3124 pauperibus
657 3063 715 3107 vos
744 3051 779 3106 de
802 3050 945 3106 fructibus
966 3051 1035 3105 dicti
1064 3043 1165 3107 vestri
1195 3068 1289 3106 mona·

93 3156 166 3209 sterii
183 3146 384 3212 tenebamini
400 3155 542 3227 quottidie
558 3155 588 3211 in
604 3156 736 3211 omuibus
752 3155 924 3225 ministrare,
941 3161 999 3210 tam
1014 3159 1131 3227 propter
1145 3154 1290 3227 copiosam

92 3258 238 3315 hominum
250 3259 461 3315 multitudinem
473 3261 509 3315 ad
525 3260 617 3333 ipsum
634 3260 836 3316 monasterium
849 3258 1064 3330 confluentium,
1076 3276 1162 3331 quam
1173 3265 1291 3331 propter

93 3364 167 3419 bladi
189 3365 301 3421 etvini
322 3382 356 3419 ac
376 3365 495 3420 aliorum
516 3365 659 3421 fructuum
681 3366 841 3437 penuriam,
865 3381 921 3435 que
940 3364 1071 3436 pluribus
1087 3364 1172 3419 anuis
1186 3363 1217 3417 in
1233 3364 1290 3419 illis

93 3470 223 3541 partibus
253 3460 460 3546 viguebant,⁰
491 3487 601 3526 necnon
626 3474 743 3542 propter
765 3470 916 3523 maximam
940 3469 1175 3542 hospitalitatem,
1203 3486 1289 3540 quam

92 3588 146 3630 vos
175 3568 398 3631 servaveratis
427 3580 457 3630 et
479 3576 613 3631 continue
636 3592 750 3630 servare
781 3564 958 3651 oportebat,
991 3591 1025 3628 ac
1050 3574 1108 3629 alia
1128 3574 1241 3630 diversa
1261 3578 1290 3628 et

91 3681 188 3751 gravia
214 3697 303 3735 onera
332 3669 425 3735 vobis
456 3680 491 3734 de
514 3680 560 3735 die
580 3680 611 3735 in
631 3680 706 3734 diem
726 3679 922 3734 incumbentia
942 3679 1013 3734 adeo
1037 3678 1107 3735 erat
1129 3678 1289 3733 debitorum

92 3776 242 3841 oneribus
274 3784 478 3856 pregravatum
501 3783 676 3861 fructusque
703 3784 832 3838 redditus
854 3788 883 3838 et
908 3788 1065 3855 proventus
1091 3782 1161 3837 dicti
1190 3774 1290 3838 vestri

93 3890 258 3945 monasterii
275 3889 305 3942 in
329 3893 441 3943 tantum
469 3879 571 3944 exiles
598 3888 630 3944 et
656 3894 756 3943 tenues
779 3890 877 3944 erant
895 3887 998 3959 effecti,
1015 3888 1091 3959 quod
1114 3900 1171 3943 vos
1194 3886 1289 3942 huius·

93 3995 165 4049 modi
189 3993 417 4066 hospitalitatem
440 4010 553 4049 servare
576 3998 604 4048 et
626 4010 713 4048 onera
733 3983 825 4048 vobis
852 3992 1053 4048 incumbencia
1071 3997 1240 4063 supportare
1261 3996 1290 4046 et

92 4100 189 4154 debita
213 4098 376 4171 persolvere
406 4091 624 4176 nequiveratis
655 4097 714 4152 ullo
737 4097 820 4151 modo
841 4102 871 4151 et
889 4096 975 4168 quod,
997 4095 1052 4151 nisi
1067 4114 1119 4168 per
1135 4096 1290 4170 apostolice

93 4205 165 4259 sedis
180 4203 402 4276 providenciam
424 4193 516 4259 vobis
540 4203 793 4278 succurreretur,
824 4201 1027 4257 monasterium
1049 4202 1143 4275 ipsum
1168 4201 1289 4260 multum

93 4310 215 4365 desolari
236 4307 428 4367 verisimiliter
451 4306 660 4363 formidabatur
690 4308 722 4363 et
743 4324 796 4380 pro
811 4312 894 4379 parte
915 4307 1026 4363 vestra
1048 4296 1153 4362 eidem
1176 4295 1289 4384 prede·

93 4408 212 4470 cessari
245 4404 435 4492 supplicate,
466 4418 499 4467 ut
520 4412 552 4467 iu
578 4411 663 4467 Nclib
686 4417 716 4467 et
732 4404 750 4443 *
766 4411 919 4467 Hofsteten
939 4429 973 4467 ac
992 4405 1023 4467 in
1039 4411 1192 4468 Mantarnn
1213 4411 1289 4467 dicte

93 4519 212 4576 diocesis
236 4518 428 4592 parrochiales
452 4518 596 4589 ecclesias,
621 4535 743 4589 quarum
765 4518 881 4590 patroni
904 4521 937 4572 ut
965 4509 1146 4574 asseruistis
1173 4510 1288 4573 existe·

95 4770 157 4827 m.
197 4772 725 4841 ‘Codetattpupa-lllodstatt
741 4774 955 4823 mmmm.
976 4770 1120 4822 -·Ood.

1100 4860 1131 4907 με
