3250 5500
331 481 396 547 302

330 676 561 759 cuiuscumque
585 675 680 739 etiam
704 675 730 737 si
753 673 971 738 cardinalatus
994 672 1218 760 patriarchalis
1245 671 1436 758 pontificalis
1463 680 1514 734 aut
1621 638 1622 733 l

329 777 460 843 alterius
483 777 655 844 cuiuslibet
677 777 840 862 dignitatis
864 788 976 844 contra
998 777 1180 864 predictum
1203 777 1347 841 ordinem
1370 787 1403 840 ct
1423 774 1514 860 quali·
1621 870 1622 873 Ἴ

330 883 495 946 ficationes
528 892 564 946 nt
593 884 786 967 premittitur
820 882 1004 966 designatas
1037 882 1090 947 vel
1124 881 1342 967 designandas
1372 879 1413 945 dc
1445 882 1515 965 ipsis
1621 878 1622 923 t

329 986 489 1051 benefitiis
514 985 722 1071 dignitatibus
750 986 974 1072 personatibus
998 987 1104 1051 offitiis
1135 995 1168 1051 et
1196 983 1515 1051 administrationibus
1621 1038 1622 1059 ,

329 1093 442 1175 quovis
466 1091 560 1155 modo
583 1091 784 1177 disposuerit,
809 1113 848 1155 eo
870 1093 939 1176 ipso
962 1093 1003 1155 sit
1017 1092 1142 1155 irritum
1164 1100 1197 1154 et
1217 1092 1314 1155 inane
1334 1088 1516 1173 collatioque
1621 1086 1622 1129 l

329 1194 510 1259 huiusmodi
534 1217 573 1258 ac
595 1195 734 1279 provisio
758 1217 816 1258 scu
832 1197 944 1280 quevis
961 1193 1123 1280 dispositio
1146 1194 1190 1258 ad
1204 1195 1402 1279 superiorem
1417 1194 1516 1278 proxi·
1621 1236 1622 1253 a

331 1323 420 1364 mum
443 1299 643 1383 devolvatur,
667 1303 722 1385 qui
750 1299 893 1364 similiter
923 1298 1044 1364 habeat
1072 1298 1254 1385 providere,
1286 1298 1372 1385 quod
1404 1300 1432 1361 si
1459 1319 1516 1361 non
1621 1294 1622 1385 l

332 1405 455 1488 fecerit,
491 1403 533 1468 ad
567 1405 665 1468 alium
699 1407 898 1490 superiorem
932 1403 1123 1469 devolvatur
1155 1403 1315 1487 gradatim
1346 1424 1450 1487 nsque
1481 1399 1518 1464 ad
1621 1394 1622 1423 ¹

330 1531 490 1572 summurn
518 1508 704 1593 pontificem
727 1507 945 1573 ascendendo.
990 1509 1065 1572 Non
1087 1508 1235 1572 volumus
1264 1517 1373 1572 tamen
1401 1505 1518 1570 ordina·

328 1615 391 1678 rios
415 1613 583 1678 collatores
606 1623 638 1678 et
660 1635 725 1696 eos,
749 1612 791 1677 ad
816 1635 896 1698 quos
919 1615 1119 1698 presentacio
1150 1635 1208 1677 sen
1230 1612 1294 1676 alia
1316 1613 1431 1697 quevis
1462 1610 1518 1674 dis·
1621 1634 1622 1697 ᾗ

329 1720 441 1803 positio
456 1717 681 1782 benefitiorum
698 1726 833 1802 spectat,
856 1718 889 1782 in
905 1727 1042 1802 quatuor
1057 1716 1233 1800 mensibus,
1256 1715 1373 1802 quibus
1396 1715 1528 1801 prefato,
1621 1706 1622 1719 ¹

328 1825 430 1906 gratie
455 1824 660 1908 expectative
683 1821 736 1886 val
758 1824 991 1886 nominationes
1014 1843 1144 1886 cursum
1167 1843 1231 1886 non
1258 1821 1391 1903 habent,
1422 1818 1520 1883 donec

332 1929 400 2012 ipse
424 1929 525 2011 gratie
553 1928 758 2011 expectative
789 1925 843 1989 vel
872 1927 1103 1991 nominationes
1125 1925 1169 1990 ad
1191 1947 1303 1990 corum
1325 1925 1521 1989 collationem
1621 1946 1622 1975 i

331 2033 603 2118 presentationem
619 2053 676 2094 scu
700 2029 938 2115 dispositionem
955 2052 1110 2095 concesse
1126 2033 1334 2114 cessaverint,
1359 2029 1403 2094 ad
1428 2027 1521 2115 quali-

329 2137 495 2201 ficationcs
519 2136 738 2221 infrascriptae
762 2135 983 2200 observandas
998 2139 1140 2222 astringi.
1175 2136 1338 2201 Secuntur
1360 2135 1519 2222 qualifica·
1620 2118 1622 2143 l

330 2244 431 2306 tiones
454 2249 487 2304 et
509 2239 587 2304 ordo
610 2241 643 2304 in
659 2239 865 2304 conferendis
880 2240 1039 2304 benefitiis
1062 2263 1122 2327 per
1137 2239 1325 2325 ordinarios,
1349 2239 1521 2326 dequibus
1621 2288 1622 2325 ,

330 2353 549 2432 suprataetum
573 2354 629 2409 est.
676 2345 783 2408 Primo
815 2368 890 2408 cum
919 2345 1079 2430 generalis
1111 2345 1236 2410 concilii
1266 2355 1386 2410 statuta
1416 2353 1522 2410 sancte
1621 2378 1622 2413 3

328 2450 510 2515 ordinatum
532 2451 659 2534 existat,
683 2449 768 2534 quod
792 2449 935 2536 quelibet
957 2449 1095 2515 ecclesia
1110 2451 1354 2535 metropolitana
1374 2459 1522 2514 teneatur
1621 2458 1622 2503 ξ

329 2565 361 2620 et
384 2554 503 2619 debeat
524 2576 624 2618 unum
646 2553 767 2618 habere
791 2553 986 2639 theologum,
1009 2557 1063 2640 qui
1086 2577 1146 2620 sua
1168 2554 1315 2619 doctrina
1330 2564 1363 2618 et
1380 2554 1524 2638 predica·

333 2659 471 2724 tionibus
502 2659 643 2724 fructum
676 2657 785 2721 salutis
817 2659 941 2742 afferat,
976 2658 1103 2723 ordinat
1135 2659 1197 2723 hec
1226 2668 1339 2723 saneta
1372 2658 1525 2745 synodus,

331 2764 417 2851 quod
440 2764 635 2829 extendatur
658 2765 755 2828 ctiam
778 2763 960 2829 huiusmodi
983 2764 1140 2829 ordinatio
1162 2764 1205 2829 ad
1236 2763 1390 2829 ecclesias
1422 2764 1525 2829 cathe

332 2869 439 2933 drales
461 2870 566 2933 taliter
589 2868 750 2951 videlicet,
775 2868 862 2953 quod
885 2869 1020 2954 quilibet
1035 2868 1166 2933 collator
1188 2872 1331 2954 ipsarum
1346 2868 1525 2955 prebenda·
1621 2921 1622 2924 ,

330 2996 403 3037 rum
418 2982 566 3037 teneatur
581 2983 613 3037 ct
629 2971 747 3037 debeat
767 2975 990 3038 canonicatum
1014 2983 1046 3038 et
1060 2973 1271 3059 prebendam,
1288 2977 1525 3060 quamprimum

332 3078 467 3141 facultas
491 3099 525 3141 se
549 3076 699 3142 obtulerit
722 3088 754 3142 et
776 3080 913 3142 inveniri
936 3080 1062 3164 poterit,
1090 3081 1145 3143 uni
1174 3080 1328 3163 magistro
1356 3079 1525 3145 licenciato

331 3180 382 3245 vel
405 3182 438 3245 in
460 3180 620 3265 theologia
643 3181 826 3249 baccalario
849 3182 997 3266 formate,
1020 3185 1076 3269 qui
1097 3205 1156 3268 per
1179 3182 1374 3248 decennium
1398 3185 1434 3247 in
1461 3183 1525 3247 uni-

330 3288 484 3350 versitate
507 3287 711 3371 privilegiata
734 3286 894 3352 studuerit
916 3297 949 3353 et
970 3310 1050 3353 onus
1079 3287 1259 3352 residencie
1285 3310 1326 3352 ae
1346 3286 1474 3352 lecture
1496 3296 1528 3350 et

331 3389 558 3473 predicationis
581 3391 689 3455 subire
711 3391 850 3455 volucrit
872 3394 990 3478 quique
1013 3393 1063 3457 bis
1086 3402 1142 3457 aut
1157 3392 1256 3457 semel
1280 3391 1322 3456 ad
1344 3393 1454 3457 minus
1470 3413 1526 3477 per

332 3493 472 3578 singulas
488 3494 687 3559 ebdomadas
704 3505 852 3561 cessante
867 3496 1021 3580 legittimo
1036 3496 1265 3582 impedimento
1281 3496 1392 3582 legere
1408 3497 1527 3561 habeat

332 3608 364 3662 et
386 3602 538 3685 quociens
561 3602 665 3685 ipsum
688 3603 721 3664 in
744 3601 928 3667 huiusmodi
958 3601 1082 3666 lectura
1112 3601 1252 3666 deficere
1283 3602 1458 3685 contigerit
1486 3598 1527 3663 ad

331 3703 498 3768 arbitrium
522 3704 652 3790 capituli
667 3706 699 3768 in
716 3705 935 3769 subtractione
950 3704 1209 3770 distributionum
1223 3708 1326 3770 tocius
1343 3703 1527 3769 ebdomade

330 3809 437 3893 puniri
459 3809 557 3892 possit
579 3816 611 3873 et
633 3811 660 3873 si
683 3808 898 3873 residcnciam
921 3808 1109 3892 deseruerit,
1142 3808 1183 3873 de
1213 3809 1275 3874 alio
1305 3809 1525 3896 provideatur.

332 3912 564 3977 Verumtamen
588 3921 622 3975 ut
637 3935 756 3977 vacare
772 3915 881 3998 possit,
904 3913 1037 3978 liberius
1060 3913 1164 3979 studio
1179 3914 1278 3979 nichil
1300 3914 1429 3999 perdat,
1454 3934 1526 3979 cum

331 4014 448 4079 absens
471 4015 567 4079 fuerit
588 4039 608 4079 a
632 4014 757 4081 divinis.
789 4018 928 4102 insuper
950 4016 1037 4103 quod
1059 4020 1093 4083 in
1108 4018 1251 4104 qualibet
1266 4018 1407 4083 ecclesia
1423 4018 1527 4084 cathe-

333 4119 414 4184 drali
437 4120 489 4183 vel
513 4120 681 4205 collegiata
703 4120 786 4187 ultra
815 4121 998 4207 predictam
1028 4121 1288 4208 prebendarum⁰
1311 4122 1464 4210 theologo
1494 4133 1528 4186 ut

332 4226 524 4310 premittitur
561 4226 789 4311 assignandam
824 4230 925 4293 tercia
958 4250 1034 4313 pars
1063 4226 1306 4313 prebendarum
1340 4230 1528 4295 conferatur

332 4328 497 4416 graduatis
521 4329 600 4395 alias
627 4330 763 4417 ydoneis
790 4331 886 4397 modo
916 4342 949 4396 ct
979 4332 1082 4397 forma
1110 4332 1322 4417 infrascriptis
1351 4335 1409 4417 sic,
1442 4333 1527 4420 quod

333 4438 436 4521 prima
459 4444 613 4499 vacatura
636 4435 818 4500 huiusmodi
841 4434 999 4522 graduato
1023 4445 1055 4500 ct
1084 4436 1202 4502 deinde
1232 4447 1304 4522 post
1333 4438 1414 4503 alias
1446 4439 1527 4503 duas

333 4560 470 4623 sequens
495 4560 532 4603 eo
555 4538 650 4603 modo
674 4540 859 4605 conferatur
880 4549 913 4604 et
935 4542 981 4603 sic
1008 4540 1162 4625 deinceps
1184 4541 1337 4607 videlicet
1366 4546 1527 4628 magistris

332 4760 411 4815 1231.
441 4775 452 4799 ⁰
470 4764 533 4815 eod.
547 4772 611 4816 statt
625 4766 792 4831 prebendam.
