3250 5500
359 485 402 552 28

357 700 397 743 ac
428 675 532 743 eidem
562 679 714 763 antistite,
745 687 781 744 ut
810 700 928 745 munus
955 678 1137 766 predictum
1163 681 1354 746 auctoritate
1376 689 1484 746 nostre
1502 683 1542 746 in·

357 781 501 869 pendere
532 781 634 849 libere
665 782 723 848 tibi
753 785 863 869 possit,
892 783 1023 870 plenam
1052 783 1261 851 concedimus
1289 795 1401 852 tenere
1422 808 1543 873 presen-

357 890 437 953 tium
460 885 655 955 facultatem.
701 887 859 954 Volumus
881 897 1000 971 autem,
1024 888 1112 975 quod
1133 889 1222 956 idem
1243 892 1385 975 antistes,
1415 893 1470 977 qui
1491 890 1542 956 tibi

357 993 518 1078 prefatum
547 1013 664 1058 munus
694 991 870 1079 impendet,
900 1003 1070 1080 postquam
1101 994 1158 1060 tibi
1180 994 1281 1061 illud·
1303 995 1543 1082 impendente

355 1107 387 1162 te
417 1107 526 1163 nestro
556 1107 589 1163 et
615 1097 701 1162 dieto
723 1095 860 1162 ecclesie
883 1099 1012 1163 nominc
1034 1097 1198 1164 fidelitatis
1221 1099 1331 1165 debite
1353 1099 1478 1166 solitmn
1499 1124 1542 1165 re

356 1203 454 1289 cipiet
482 1205 698 1268 imamentum
728 1205 821 1268 iuxta
842 1202 988 1288 formam,
1012 1226 1111 1290 quam
1132 1203 1194 1269 sub
1217 1203 1306 1270 bulla
1327 1219 1436 1272 nostra
1457 1208 1542 1271 mitti·

356 1329 425 1372 mus
455 1307 672 1390 interclusam,
702 1330 743 1372 ac
772 1307 910 1373 formam
940 1309 1122 1393 iuramenti,
1146 1309 1234 1395 quod
1255 1319 1288 1376 te
1309 1320 1455 1396 prestare
1477 1332 1543 1376 con-

354 1412 473 1498 tigerit,
505 1410 596 1477 nobis
628 1412 669 1478 de
699 1411 801 1478 verbo
830 1411 875 1478 ad
904 1412 1042 1478 verbum
1072 1435 1133 1499 per
1157 1422 1231 1478 tuas
1257 1423 1406 1499 petentes
1427 1415 1543 1480 litteras

356 1526 410 1582 tuo
433 1515 536 1602 sigillo
559 1519 700 1601 signatas
723 1538 782 1602 per
804 1519 970 1603 proprium
991 1519 1165 1584 nunccium
1180 1521 1370 1604 quantocius
1385 1518 1543 1584 destinare

356 1641 519 1708 procures.
565 1621 687 1687 Datum
710 1621 812 1687 Rome
839 1621 929 1708 apud
952 1622 1108 1688 Sanctum
1129 1623 1263 1689 Petrum
1289 1623 1366 1690 XII.
1389 1623 1544 1690 kalendas

356 1725 549 1810 decembris,
571 1726 777 1812 pontificatus
800 1729 900 1792 nostri
922 1749 1007 1792 anno
1031 1736 1145 1814 quarto
1167 1727 1303 1794 decime.

317 2079 321 2086 Ι
398 1986 480 2054 922.
1045 1989 1145 2071 [14⁰2
1160 1992 1326 2053 November
1341 1993 1392 2062 2⁰,
1408 1991 1504 2073 Rem]

519 2177 731 2262 Eidcsformel
752 2179 806 2245 des
828 2178 926 2245 Attea
947 2178 1043 2244 Peter
1057 2179 1109 2245 II.
1132 2199 1193 2244 oon
1215 2177 1378 2264 Gottweiq.

459 2354 542 2421 Oopie
559 2357 587 2405 in
606 2354 704 2407 Cedo
723 2355 740 2405 f.
754 2351 824 2405 Μ’.

460 2478 513 2528 Die
530 2477 748 2544 chronologische
766 2476 935 2544 Einreihung
952 2478 988 2528 iat
1005 2477 1089 2528 durch
1107 2493 1147 2529 nr.
1159 2480 1208 2528 921
1229 2478 1396 2545 unmoglicht.

460 2600 644 2652 Usberschrift
660 2601 710 2650 mit
727 2600 817 2650 rother
835 2599 915 2650 Tinte
933 2616 958 2651 r.
971 2599 1091 2666 gleicher
1108 2600 1157 2650 H.:
1186 2599 1284 2650 remu
1300 2603 1448 2662 tamma,
1471 2617 1543 2665 peon

354 2691 466 2755 prestitit
482 2688 561 2738 obbae
574 2687 668 2738 Petrus
684 2689 833 2738 monosterii
847 2685 1020 2738 Gottroo'oemfe
1036 2704 1133 2739 mnne
1148 2687 1284 2755 apatolfeo
1300 2695 1324 2739 et
1335 2696 1421 2739 mdo
1433 2688 1543 2740 Bonum

355 2778 461 2829 wolon.
496 2776 727 2829 Bemerkenswert
744 2777 779 2827 ist
796 2774 844 2827 der
861 2776 910 2827 auf
925 2775 972 2828 des
990 2776 1112 2828 &huma
1129 2776 1288 2843 bonfiglicbs
1306 2778 1411 2829 Passus.

458 2951 529 3037 Ego
551 2949 667 3016 Petrus
696 2948 799 3016 abbas
829 2950 1014 3015 monasterii
1043 2928 1155 3015 sancte
1185 2950 1289 3015 Marie
1322 2952 1356 3015 in
1386 2950 1543 3019 Gottwieo

355 3054 475 3122 ordinis
505 3057 608 3121 sancti
637 3054 818 3140 Benedicti,
849 3054 985 3121 ecclesie
1008 3054 1152 3121 Romane
1182 3054 1368 3120 immediate
1397 3056 1542 3138 subiecti,

355 3162 555 3226 Pataviensis
591 3159 730 3225 diocecis
763 3162 914 3245 promitto
946 3169 979 3225 et
1007 3162 1087 3244 iuro,
1121 3158 1209 3245 qued
1238 3158 1281 3226 ab
1309 3160 1373 3225 hac
1402 3159 1484 3226 bora
1511 3162 1542 3225 in

355 3276 460 3350 autea,
494 3264 648 3351 quamdiu
680 3265 806 3348 vixero,
840 3262 945 3329 fidelis
978 3273 1012 3328 et
1044 3262 1200 3329 obediens
1233 3286 1289 3329 ere
1320 3263 1416 3330 beato
1450 3266 1543 3331 Petro

355 3380 529 3457 sancteque
559 3368 731 3455 apostolice
754 3368 898 3434 Romane
928 3368 1066 3434 ecclesie
1095 3377 1128 3434 et
1157 3369 1285 3435 domino
1308 3392 1390 3455 meo,
1418 3368 1543 3437 domino

354 3476 515 3541 Bonifatio
545 3473 655 3541 divina
683 3473 887 3560 providentia
916 3495 1000 3560 pape
1030 3495 1114 3539 nono
1144 3475 1274 3561 suisque
1304 3473 1543 3541 successoribus

355 3580 509 3645 canonice
531 3576 734 3663 intrantibus,
764 3600 828 3643 non
851 3600 907 3644 ero
928 3580 963 3643 in
984 3577 1117 3644 consilio
1138 3600 1297 3644 consensu
1318 3578 1372 3644 vel
1392 3579 1490 3665 facto,
1510 3588 1544 3643 ut

353 3687 453 3751 vitam
476 3684 615 3771 perdant
636 3693 692 3750 aut
713 3684 896 3750 membrum
917 3684 971 3749 vel
994 3686 1165 3770 capiantur
1186 3682 1272 3749 mala
1291 3686 1449 3771 captione,
1473 3706 1543 3751 oon-

353 3790 457 3856 silium
480 3811 567 3874 vero,
590 3788 676 3875 quod
699 3788 797 3854 michi
820 3787 973 3854 credituri
995 3797 1080 3873 sunt,
1102 3811 1162 3875 per
1183 3811 1219 3854 se
1242 3799 1298 3855 aut
1316 3811 1376 3876 per
1389 3790 1542 3855 nunccios

353 3897 422 3959 sive
437 3917 496 3981 per
510 3894 631 3961 litteras
646 3892 724 3959 nulli
739 3892 951 3959 manifestabo
967 3892 1010 3959 ad
1025 3914 1137 3958 eorum
1152 3892 1329 3978 dampnum
1344 3916 1397 3959 me
1411 3895 1541 3959 sciente.

352 4001 512 4087 Pepatum
534 3999 716 4065 Romanum
746 4008 779 4064 et
806 3997 929 4084 regalia
958 4000 1060 4063 sancti
1082 3998 1171 4063 Petri
1200 3996 1328 4063 adiutor
1354 3999 1401 4062 eis
1423 4019 1478 4062 ero
1501 3994 1542 4062 ad

352 4104 556 4171 retinendum
586 4101 827 4170 defendendum
858 4113 891 4168 et
919 4101 1180 4188 recuperandum
1210 4101 1300 4167 salvo
1328 4123 1401 4167 meo
1431 4100 1542 4167 ordine

353 4218 465 4276 contra
494 4230 621 4275 omnem
649 4208 811 4274 hominem
834 4230 874 4273 ac
896 4207 1051 4274 honorem
1073 4215 1244 4272 statatum
1267 4209 1420 4293 ipsorum,
1445 4228 1541 4293 quan·

352 4324 421 4381 tum
449 4316 483 4379 in
512 4337 565 4380 me
594 4314 700 4397 fuerit,
731 4312 931 4379 conservabo
959 4314 1103 4398 ipsisque
1125 4309 1290 4377 adherebo
1313 4318 1346 4375 et
1367 4332 1426 4395 pro
1447 4330 1541 4396 posse

352 4419 480 4505 favebo,
509 4419 633 4506 legatos
664 4425 697 4484 et
726 4419 880 4485 nunccios
910 4416 997 4483 sedis
1025 4416 1200 4502 apostolice
1230 4414 1371 4500 benigne
1393 4417 1425 4480 in
1449 4414 1541 4479 terris

351 4524 416 4589 mei
437 4526 622 4589 monasterii
643 4524 816 4609 suscipiam
838 4520 976 4607 dirigam
998 4531 1032 4587 et
1054 4518 1228 4587 defendam
1250 4540 1466 4605 securumque
1485 4517 1539 4583 dn-

351 4784 416 4840 921.
455 4796 468 4821 ·
485 4786 549 4841 Cod.
567 4784 633 4839 eund
649 4786 696 4837 etos·
713 4784 761 4836 mit
772 4782 1069 4849 Verstellungsseicben
1087 4781 1252 4835 beseichnet
