3250 5500
330 447 349 516 8

330 647 444 709 notarii
466 645 586 731 publici
610 655 642 710 et
663 648 792 711 testium
815 646 1091 734 infrascriptorum
1114 649 1285 733 presencia
1312 647 1523 732 personaliter

330 751 519 815 constitutus
549 749 743 816 venerahilis
772 753 806 816 in
837 751 964 818 Christo
994 761 1087 839 pater
1117 773 1157 818 ac
1189 751 1346 834 dominus,
1374 750 1523 816 dominus

329 854 490 920 Iohannes
514 855 566 921 dei
589 865 621 921 et
642 857 816 942 apostolice
839 856 926 922 sedis
949 860 1060 944 gracia
1082 859 1266 923 monasterii
1289 865 1400 921 sancte
1421 855 1523 920 Maria

329 962 462 1046 virginis
484 962 517 1025 in
533 960 679 1027 Gotwico
701 960 822 1026 ordinis
846 964 948 1026 sancti
963 961 1133 1027 Benedicti
1148 962 1351 1027 Pataviensis
1374 960 1523 1048 dyocesis

331 1064 433 1130 abbas
456 1075 562 1131 mente
585 1068 688 1151 gravi,
713 1065 977 1131 consideracione
999 1066 1130 1132 turbida
1153 1088 1320 1153 exponens
1344 1065 1439 1130 dixit:
1470 1086 1524 1128 no·

330 1173 377 1234 vit
403 1170 465 1250 ille,
498 1173 550 1236 cui
580 1193 674 1236 omne
706 1192 761 1235 cor
790 1180 889 1258 patet,
921 1170 1009 1257 quod
1037 1174 1191 1236 universa
1212 1170 1319 1236 stadia
1341 1192 1424 1254 mea,
1449 1191 1524 1256 quo-

331 1274 426 1340 modo
450 1273 547 1338 eorde
570 1297 625 1340 ore
648 1285 681 1339 et
703 1297 801 1360 opere
824 1275 1006 1341 reverendo
1028 1277 1062 1341 in
1077 1275 1203 1342 Christo
1226 1277 1310 1362 patri
1329 1297 1369 1339 ac
1385 1273 1523 1357 domino,

331 1377 460 1445 domino
487 1388 604 1463 nostro,
636 1378 764 1444 domino
788 1379 906 1446 Georio
937 1383 1070 1446 antistiti
1096 1381 1282 1446 Pataviensi
1312 1380 1524 1465 placeremus,

331 1484 474 1570 perfecte
506 1485 726 1570 coaptavimus
756 1505 859 1571 usque
890 1484 985 1551 modo
1016 1484 1166 1571 dedique,
1197 1485 1274 1549 licet
1304 1483 1345 1548 de
1367 1488 1437 1549 iure
1460 1505 1525 1547 non

330 1591 499 1675 potuerim,
521 1611 579 1675 pro
603 1588 745 1675 quadam
767 1591 905 1675 pecunie
928 1612 1054 1655 summa
1077 1589 1139 1656 sibi
1160 1591 1353 1654 successivis
1376 1591 1525 1674 tempori·

332 1693 393 1758 bus
423 1693 533 1759 danda
561 1715 621 1779 pro
648 1696 760 1780 gracia
781 1716 842 1759 sua
863 1694 1017 1760 habenda
1039 1704 1072 1760 et
1093 1694 1352 1782 promocionibus
1375 1692 1525 1757 fidelibus

332 1801 396 1864 suis
419 1799 511 1864 nobis
534 1808 567 1864 et
588 1809 696 1864 nostro
721 1802 913 1864 monasterio
935 1801 1078 1886 inpensis
1093 1823 1133 1865 ac
1148 1803 1180 1864 in
1196 1810 1292 1865 antea
1307 1797 1527 1863 indesinenter

331 1904 546 1991 inpendendis
576 1914 681 1970 certas
712 1905 814 1992 sigillo
846 1927 917 1971 meo
948 1906 1050 1971 solum
1081 1907 1224 1971 firmatas
1253 1904 1457 1992 obligatorias
1478 1902 1526 1967 lit-

331 2018 427 2092 teras,
459 2031 539 2095 quas
563 2012 648 2074 omni
671 2011 724 2074 via
747 2009 842 2075 modo
865 2009 971 2076 forma
992 2012 1073 2094 iure,
1096 2019 1252 2097 quantum
1275 2031 1350 2074 cum
1372 2008 1433 2073 deo
1457 2029 1526 2094 pos

332 2137 451 2198 sumus,
481 2135 562 2180 voce
593 2123 626 2180 et
654 2116 761 2180 animo
793 2125 958 2202 tamquam
987 2138 1048 2202 per
1077 2138 1220 2182 errorem
1250 2114 1343 2180 datas
1369 2135 1526 2200 expresse

331 2240 523 2284 revocamus
553 2229 586 2283 et
615 2228 726 2284 tenore
756 2222 915 2304 presentis
943 2221 1146 2285 instrumenti
1175 2240 1342 2286 cassamm
1364 2219 1527 2282 irritamus

333 2332 365 2389 et
393 2322 573 2388 antillamus
604 2345 641 2388 eo
672 2326 825 2407 maxime,
860 2325 937 2410 quia
966 2323 1071 2390 dictus
1101 2322 1302 2389 reverendus
1334 2325 1369 2388 in
1397 2321 1526 2390 Christo

332 2437 434 2514 pater,
469 2427 616 2493 dominus
647 2431 818 2514 episcopus
851 2429 1054 2495 Pataviensis
1088 2453 1230 2513 causam,
1264 2437 1396 2515 propter
1428 2449 1528 2513 quam

333 2533 459 2619 prefata
489 2555 563 2598 mea
591 2532 674 2616 talis,
706 2533 809 2620 qualis
841 2534 1001 2622 obligacio
1031 2537 1065 2600 in
1087 2533 1232 2600 medium
1254 2531 1381 2619 prodiit,
1405 2530 1527 2595 notabi-

332 2636 404 2702 liter
433 2637 576 2724 infregit:
607 2659 682 2702 nam
713 2637 770 2702 ubi
797 2661 855 2704 nos
878 2649 910 2703 et
932 2640 1033 2704 nostri
1055 2640 1240 2704 monasterii
1263 2646 1381 2703 statum
1404 2657 1526 2722 promo

332 2764 411 2807 vere
430 2741 599 2807 tenebatur
626 2753 662 2808 ut
684 2744 885 2829 promiserat,
909 2743 955 2809 ibi
976 2742 1146 2831 impedivit
1167 2766 1235 2824 nos,
1259 2752 1355 2829 prout
1375 2739 1471 2806 hodie
1492 2741 1526 2804 in

333 2846 471 2911 ecclesia
500 2857 609 2911 nostra
636 2848 830 2932 parrochiali
856 2850 959 2913 sancti
982 2848 1138 2935 Stephani
1159 2852 1194 2913 in
1216 2849 1369 2912 Mautsm
1390 2846 1526 2911 auctori·

331 2960 397 3016 tate
419 2950 594 3036 apostolica
617 2950 709 3016 nohis
731 2953 946 3039 incorporata,
970 2954 1061 3017 cuius
1084 2952 1255 3038 pacificam
1283 2952 1337 3017 vel
1367 2961 1526 3037 quatenus

331 3065 478 3120 tenemus
506 3057 750 3141 possessionem,
773 3056 906 3144 inpedit,
929 3057 1046 3121 fratres
1068 3058 1253 3122 monasterii
1274 3067 1307 3121 et
1330 3054 1449 3120 ordinis
1472 3074 1527 3117 no-

333 3166 472 3225 strorum
505 3162 578 3246 capi
611 3160 696 3245 fecit,
731 3160 817 3225 hona
850 3159 933 3226 dotis
967 3159 1053 3225 dicte
1088 3160 1225 3226 ecclesie
1252 3158 1463 3247 parrochialis
1494 3168 1529 3222 et

331 3264 468 3331 fratrum
497 3264 715 3351 predictorum
745 3267 777 3329 in
807 3263 943 3351 predam
973 3265 1130 3331 violenter
1158 3268 1229 3353 rapi
1259 3268 1359 3351 iussit,
1387 3263 1528 3350 plurima

334 3368 474 3455 dampna
504 3392 578 3434 cum
608 3368 716 3434 multis
738 3368 900 3435 scandalis
924 3369 1016 3436 nobis
1039 3381 1072 3435 et
1094 3369 1178 3435 dicto
1202 3380 1309 3435 nostro
1332 3369 1528 3434 monasterio

332 3473 442 3538 inferri
464 3473 593 3559 publice
617 3472 783 3539 mandavit
805 3484 838 3539 et
860 3496 924 3539 non
947 3485 1052 3540 cessat
1073 3474 1230 3540 mandare
1252 3476 1359 3540 omnia
1381 3472 1475 3538 nobis
1495 3482 1529 3536 et

332 3580 457 3664 prefato
480 3581 672 3644 monasterio
688 3588 794 3643 nostro
811 3602 874 3666 que
889 3588 994 3665 potest
1008 3579 1178 3645 incomoda
1194 3579 1372 3662 inferendo,
1396 3586 1528 3665 propter

333 3691 396 3768 qu'e
423 3692 537 3747 nature
559 3683 640 3769 legis
662 3684 780 3749 virtute
802 3683 965 3769 frangenti
987 3684 1086 3750 fidem
1109 3694 1170 3749 etc.
1194 3707 1233 3749 ac
1256 3693 1405 3749 cessante
1428 3703 1530 3747 causa

332 3788 488 3873 premisse
519 3785 727 3872 obligacionis
756 3797 861 3853 cessat
890 3797 923 3852 et
949 3790 1062 3854 merito
1090 3790 1226 3854 effectus
1249 3788 1405 3871 eiusdem,
1429 3808 1529 3873 super

333 3890 451 3978 quibus
481 3891 629 3956 omnibus
660 3901 693 3956 et
723 3891 856 3977 singulis
887 3894 1051 3980 premissis
1081 3894 1224 3979 prefatus
1252 3891 1400 3957 dominus
1423 3890 1529 3955 abbas

243 3988 246 4008 '
332 3998 429 4083 peciit
451 3994 512 4061 sibi
535 3996 606 4061 fieri
628 4018 729 4061 unum
752 3997 803 4061 vel
827 3998 921 4084 plura
943 3996 1075 4085 publica
1096 3999 1319 4063 instrumenta.
1352 3996 1436 4061 Acta
1452 4004 1530 4060 sunt

332 4102 394 4167 hec
424 4100 467 4166 ad
495 4109 639 4165 sanctam
662 4100 927 4187 Margaretham¹
957 4123 1058 4189 prope
1082 4101 1185 4188 Stayn
1215 4105 1248 4167 in
1280 4101 1374 4166 domo
1404 4100 1530 4165 habita-

333 4208 433 4269 cionis
468 4204 597 4291 plebani
630 4204 712 4271 illius
746 4205 798 4272 die
829 4206 914 4271 XIII
943 4210 1062 4272 mensis
1094 4206 1285 4294 septembris
1321 4206 1400 4272 hora
1436 4207 1529 4291 quasi

333 4318 436 4394 sexta,
468 4332 553 4374 anno
576 4308 763 4385 indiccione¹
785 4320 817 4375 et
838 4312 1026 4396 pontificatu
1050 4310 1169 4397 quibus
1192 4333 1300 4397 supra,
1322 4309 1530 4398 presentibus

333 4412 571 4481 venerabilibus
600 4417 679 4479 viris
710 4414 839 4480 domino
861 4416 958 4481 Petro
985 4415 1027 4480 de
1049 4414 1312 4502 Herrczogburg,
1335 4414 1530 4503 presbytero

332 4656 398 4711 aot.
439 4656 548 4710 ¹Disse
570 4658 687 4724 Kapells
716 4658 836 4711 helindst
861 4661 890 4709 iu
917 4659 965 4710 der
991 4658 1067 4709 Stadt
1093 4659 1227 4724 hiantem,
1254 4661 1334 4725 ohige
1355 4660 1468 4726 dambe
1494 4661 1531 4712 ist

333 4746 427 4796 darum
446 4760 580 4813 ungenau.
