3250 5500
319 438 384 503 474

318 634 350 695 in
380 631 501 697 honoro
534 641 644 697 sancte
667 630 849 697 Erndrudis
878 632 1011 717 virginis
1033 633 1188 696 vicesima
1210 631 1263 695 die
1285 634 1404 696 mensis
1428 642 1505 697 octo-

318 736 395 801 bris.
426 738 508 801 Item
530 738 685 801 vicesima
707 746 823 823 quarta
846 736 898 801 die
921 736 1036 822 prefati
1058 738 1187 819 mensis,
1210 758 1273 823 que
1288 736 1348 801 fuit
1361 740 1508 823 proxima
1624 740 1625 787 ἶ

320 842 480 907 dominica
503 852 577 907 ante
601 852 784 907 sanctorum
800 843 940 929 Crispini
963 853 995 907 et
1011 842 1204 929 (hispiniani
1225 852 1414 929 martyrum,
1439 842 1509 907 cho-

319 970 390 1012 rum
419 948 535 1034 prefati
559 950 741 1013 monasterii
764 947 805 1013 de
829 970 912 1013 novo
935 949 1195 1012 consecravimus
1219 969 1293 1012 cum
1315 970 1373 1012 suo
1396 949 1509 1033 princi-

320 1053 384 1138 pali
418 1052 511 1117 altari
545 1056 576 1117 in
611 1053 731 1118 honore
761 1062 873 1118 sancte
903 1063 935 1118 et
964 1051 1131 1117 individue
1160 1053 1309 1117 trinitatis
1339 1062 1371 1116 et
1400 1062 1511 1117 sancte

322 1159 428 1221 crucis
452 1157 635 1243 specialiter
657 1160 814 1223 tamenin
829 1158 949 1223 honoro
964 1158 1190 1242 gloriosissime
1206 1156 1258 1221 dei
1273 1158 1437 1241 genitricis
1451 1159 1511 1221 vir-

320 1263 403 1346 ginis
433 1262 536 1326 Marie
566 1264 797 1347 assumpcionis
829 1262 1052 1327 assistentibus
1082 1261 1174 1327 nobis
1208 1263 1241 1325 in
1274 1261 1512 1346 pontificalibus
1624 1300 1625 1303 =

318 1365 507 1431 reverendis
531 1376 563 1431 et
585 1366 825 1432 venerabilibus
854 1366 998 1453 patribus
1026 1377 1058 1431 et
1081 1367 1226 1450 dominis,
1258 1365 1386 1431 domino
1410 1364 1512 1431 Wolf-

319 1492 426 1556 gango
457 1470 609 1536 antedicti
639 1474 833 1555 monasterii,
864 1470 992 1536 domino
1014 1472 1110 1535 Petro
1138 1469 1180 1535 ad
1204 1471 1358 1536 Sanctum
1380 1471 1513 1535 Petrum

319 1574 530 1661 Saltzeburgc
561 1585 592 1641 01
622 1575 749 1641 domino
772 1576 895 1641 Thome
925 1578 957 1639 in
981 1575 1157 1660 Lambaco‚
1189 1573 1362 1640 abbatibus
1391 1574 1513 1640 ordinis

319 1681 422 1744 sancti
444 1679 622 1765 Benedicti,
647 1702 773 1745 necnon
797 1676 934 1745 domino
947 1679 1137 1745 Pernhsrdo
1159 1682 1192 1744 in
1212 1679 1513 1765 Berichtolsgadem

320 1794 352 1848 et
382 1783 509 1849 domino
540 1784 715 1850 Chunrado
746 1784 788 1849 ad
820 1784 974 1850 Sanctum
1004 1784 1173 1850 Andream
1203 1806 1302 1870 supra
1334 1784 1513 1867 Draissam‚

319 1890 487 1974 prepositis
529 1887 648 1953 ordinis
690 1890 805 1953 sancti
831 1887 1003 1973 Augustini
1046 1890 1273 1953 canonicorum
1314 1888 1514 1973 regularium

320 1993 596 2079 Saltzeburgensis
620 2003 652 2058 et
674 1994 877 2058 Pataviensis
900 1993 1047 2077 diocesis,
1078 1992 1319 2059 dedicacionem
1342 2016 1420 2058 vero
1444 2016 1514 2080 pre·

318 2098 376 2162 fati
410 2098 499 2164 chori
534 2109 566 2163 et
594 2097 742 2164 altarium
772 2121 811 2163 ac
841 2102 943 2163 tocius
972 2100 1156 2165 monasterii
1187 2098 1230 2164 ad
1259 2101 1453 2164 instanciam
1484 2109 1515 2163 et

318 2205 510 2289 peticionem
541 2204 711 2268 reverendi
742 2205 841 2289 patris
872 2202 992 2268 domini
1013 2203 1201 2290 Wolfgangi
1229 2204 1306 2268 dicti
1329 2206 1513 2268 monasterii

318 2306 445 2373 abbatis
471 2331 511 2373 ac
543 2310 645 2373 tocius
679 2317 856 2373 conventus
888 2307 1010 2373 ibidem
1044 2330 1087 2372 ex
1116 2318 1243 2373 matura
1273 2306 1514 2373 deliberacione

319 2414 485 2478 statuimus
509 2416 656 2498 proxima
679 2413 760 2478 feria
774 2415 875 2478 tercia
890 2422 963 2499 post
977 2413 1094 2479 festum
1113 2412 1337 2499 penthecostes
1353 2436 1372 2477 a
1389 2414 1515 2478 cunctis

319 2518 438 2584 Christi
466 2518 615 2583 fidelibus
646 2528 800 2604 perpetue
833 2517 990 2583 celebrari
1013 2528 1045 2583 et
1068 2518 1182 2583 devote
1205 2520 1364 2583 venerari.
1409 2518 1516 2603 Igitur

319 2622 466 2686 omnibus
496 2644 573 2687 vere
604 2622 819 2708 penitentibus
847 2624 989 2688 contritis
1019 2632 1052 2687 et
1081 2622 1246 2705 confessis,
1280 2623 1336 2708 qui
1365 2621 1409 2686 ad
1445 2644 1516 2707 pre-

319 2726 440 2792 dictum
464 2726 597 2793 chorum
613 2750 679 2793 0011
699 2728 928 2792 monasterium
949 2736 981 2792 et
999 2726 1148 2792 altarium
1164 2728 1374 2792 convenerint
1388 2729 1516 2792 missas·

320 2853 382 2917 que
404 2830 448 2896 ibi
471 2832 607 2918 legerint
630 2835 698 2897 0110
721 2833 882 2898 audierint
904 2855 962 2897 seu
981 2855 1096 2897 manus
1117 2830 1292 2896 adiutrices
1307 2835 1516 2917 porrexerint

320 2958 394 3001 cum
424 2959 500 3000 cera
530 2936 674 3002 candelis
703 2936 791 3002 libris
823 2936 980 3024 quibusve
1010 2937 1080 3001 aliis
1103 2936 1201 3002 rebus
1224 2936 1266 3001 ad
1290 2937 1412 3002 cultum
1438 2937 1516 3002 divi·

320 3064 397 3106 num
420 3041 649 3127 spectantibus,
674 3045 699 3106 si
722 3065 786 3128 qua
802 3041 919 3106 devote
935 3040 1117 3126 obtulerint,
1142 3043 1438 3127 quocienscumque
1453 3042 1516 3107 hec

320 3145 455 3211 fecerint
484 3149 552 3210 sive
583 3146 704 3212 ibidem
730 3149 806 3212 tria:
837 3156 1072 3232 paternoster,
1101 3156 1133 3211 et
1154 3149 1229 3210 tria:
1260 3168 1322 3211 010
1343 3145 1462 3230 Maria,
1486 3157 1518 3211 et

319 3274 434 3315 unum:
458 3251 627 3316 simbolum
642 3252 868 3337 apostolorum,
883 3252 978 3316 flexis
992 3251 1131 3338 genibus
1147 3250 1263 3316 devote
1278 3253 1454 3336 oraverint,
1477 3252 1517 3316 de

320 3358 543 3442 omnipotentis
574 3356 626 3421 dei
657 3355 878 3421 misericordia
907 3367 940 3420 et
969 3356 1138 3421 beatorum
1161 3356 1250 3420 Petri
1272 3365 1305 3420 et
1326 3355 1419 3420 Pauli
1444 3378 1516 3442 apo-

322 3461 471 3526 stolorum
503 3484 613 3526 eorum
643 3461 885 3526 auctoritatibus
916 3462 1028 3526 confisi
1055 3483 1185 3546 semper
1207 3460 1423 3547 quadraginta
1449 3461 1517 3525 dies

322 3565 533 3630 criminalium
557 3575 589 3630 et
612 3569 796 3652 octuaginta
818 3566 993 3630 venialium
1016 3565 1058 3631 de
1080 3567 1231 3630 iniunctis
1251 3564 1314 3630 sibi
1332 3567 1518 3651 penitentiis
1623 3554 1624 3619 l

321 3669 569 3736 misericorditer
598 3672 631 3735 in
662 3668 790 3735 domino
817 3669 1011 3735 relaxamus.
1057 3670 1180 3734 Datum
1204 3679 1237 3734 01
1258 3679 1367 3734 actum
1390 3670 1463 3735 loco
1486 3680 1518 3734 et

320 3774 518 3860 temporibus
549 3774 665 3861 quibus
698 3796 797 3860 supra
827 3774 888 3839 sub
917 3797 1002 3839 anno
1029 3773 1149 3840 domini
1177 3774 1342 3839 millesimo
1365 3773 1518 3860 quadrin-

321 3880 497 3965 gentesimo
521 3881 785 3964 quinquagesimo
809 3889 901 3943 sexto
924 3879 1039 3944 harum
1062 3880 1241 3944 testimonio
1260 3877 1440 3943 litterarum
1457 3877 1517 3942 sub

321 3985 517 4069 appensione
540 3985 640 4049 nostri
663 3983 757 4068 sigilli
780 3982 1014 4049 roboratarum.

365 4283 465 4352 1423.
1139 4287 1222 4344 145o
1238 4288 1405 4345 November
1421 4287 1474 4344 11.

424 4494 572 4562 Alhreoht
601 4514 662 4559 oon
690 4493 879 4574 Ebarstorff,
909 4492 1044 4557 eberster
1072 4491 1318 4557 Erbkdmmerer
1346 4491 1381 4554 in
1413 4489 1515 4555 Oster-
1623 4452 1624 4455 Ἴ

322 4601 417 4680 reich,
440 4601 583 4682 quittiert
597 4598 663 4665 Abt
677 4596 868 4682 [Wolfyunp
883 4597 953 4682 11.]
967 4617 1027 4660 oon
1041 4594 1206 4680 Kottweyp
1220 4596 1278 4678 fair
1294 4596 1353 4660 das
1368 4593 1517 4676 1001011110

323 4705 408 4770 Johr
438 4704 499 4769 den
526 4703 692 4786 Empfunp
721 4703 804 4768 eines
831 4701 940 4767 Petras
968 4700 1036 4766 and
1065 4701 1150 4766 01000
1172 4699 1295 4766 Paares
1317 4697 1513 4777 Filaschahe,
