3250 5500
315 492 358 556 26

315 692 460 764 qnondam
476 691 605 748 Iohanne
624 691 746 749 abbati·
767 693 931 750 monasterii
951 693 1035 750 beate
1050 692 1140 749 liaris
1154 692 1186 748 in
1201 691 1340 765 Gotwico,
1349 678 1351 681 ¹
1361 692 1437 749 dicte
1451 693 1507 748 Ro·

316 813 400 853 mane
421 797 539 853 ecclesie
560 797 723 854 immediate
746 797 876 870 subiecti,
900 798 1009 854 ordinis
1030 799 1124 854 sancti
1151 799 1300 855 Benedicti
1325 797 1508 855 Pataviensis

315 902 436 958 diocesis
465 903 597 976 regimini
627 903 753 958 ciusdem
782 904 947 960 monasterii
976 904 1139 976 presidente
1165 921 1217 959 nos
1243 903 1391 976 cupientes
1415 903 1508 958 eidem

316 1006 496 1078 monasterio,
509 1025 573 1064 cnm
584 1013 709 1080 vacaret,
725 1023 777 1079 per
792 1008 948 1079 apostolice
962 1009 1039 1064 sedis
1053 1008 1267 1080 providenciam
1283 1007 1381 1062 utilem
1395 1012 1426 1062 et
1439 1006 1508 1078 ydo-

315 1128 398 1166 neam
423 1111 567 1183 presidere
591 1129 742 1184 personam
769 1112 961 1184 provisionem
988 1113 1077 1185 ipsius
1105 1112 1270 1168 monasterii
1299 1107 1508 1167 ordinationi*

315 1221 411 1272 nostre
430 1216 561 1271 duximus
581 1233 616 1271 ea
635 1217 699 1274 vice
718 1217 881 1288 specialiter
899 1219 1102 1275 reservandum
1121 1219 1306 1273 decernentes
1325 1222 1429 1271 extunc
1447 1214 1510 1269 irri-

316 1325 377 1375 tum
402 1326 431 1376 et
455 1321 551 1392 inane,
578 1321 602 1376 si
628 1339 710 1377 secus
732 1321 896 1393 superbiis
918 1340 969 1394 per
995 1339 1182 1394 quoscunque
1207 1321 1310 1394 quavis
1337 1319 1511 1376 auctoritate

316 1425 438 1480 scienter
463 1425 509 1483 vel
535 1424 702 1498 ignoranter
727 1425 908 1498 contingeret
930 1427 1103 1498 attemptari.
1133 1426 1318 1482 Postmodum
1341 1442 1409 1481 vero
1432 1424 1512 1478 dicto

317 1530 488 1586 monasterio
507 1547 559 1602 per
576 1530 666 1602 ipsius
681 1530 820 1586 Iohannis
840 1511 955 1586 abbatis
974 1530 1094 1602 obitum,
1115 1531 1166 1602 qui
1186 1537 1267 1586 extra
1280 1531 1441 1586 Romanam
1461 1545 1512 1582 cu·

316 1635 389 1689 riam
408 1635 482 1690 diem
502 1634 605 1690 clausit
623 1640 787 1706 extremum,
808 1634 923 1690 abbatis
941 1635 1080 1708 regimine
1099 1636 1236 1691 destituto
1256 1635 1352 1690 dilecti
1371 1631 1424 1688 filii
1443 1651 1512 1688 con·

318 1744 420 1797 ventus
448 1739 539 1811 ipsius
565 1739 729 1795 monasterii
755 1730 979 1796 reservationirl
1006 1747 1036 1796 et
1061 1740 1167 1795 decreti
1192 1740 1385 1811 predictorum
1410 1737 1513 1792 forsan

317 1844 411 1916 ignari
441 1834 593 1900 dilectum
619 1835 721 1900 filium
742 1835 875 1901 Petrum
903 1834 1066 1920 abbatem,
1093 1843 1262 1900 monachum
1284 1844 1361 1899 tunc
1384 1843 1515 1898 eiusdem

316 1948 481 2004 monasterii
501 1948 628 2005 ordinem
647 1949 741 2020 ipsum
761 1965 891 2022 expresse
910 1948 1069 2020 professum
1088 1949 1168 2004 etin
1188 1948 1351 2004 sacerdocio
1374 1947 1514 2002 constitu.

316 2060 387 2123 tum,
407 2051 438 2108 iu
459 2070 554 2109 eorum
570 2059 600 2108 et
614 2054 682 2108 dicti
698 2053 863 2109 monasterii
878 2051 1021 2124 abbatem,
1038 2054 1106 2109 licet
1121 2055 1156 2108 de
1170 2053 1249 2109 facto
1264 2053 1443 2108 concorditer
1456 2051 1514 2107 ele·

317 2163 430 2231 gerunt,
452 2151 610 2237 ¹'ipseque‘¹
638 2150 754 2215 Petrus
783 2149 886 2215 abbas
908 2159 1115 2215 reservacionis
1137 2164 1168 2214 et
1189 2158 1296 2214 decreti
1318 2157 1515 2229 predictorum

317 2259 448 2318 similiter
466 2263 574 2319 inscius
595 2254 746 2318 electionid
768 2262 932 2319 huiusmodi
952 2263 1031 2319 illius
1061 2254 1122 2320 sibi
1152 2269 1317 2335 presentato
1340 2262 1453 2318 decreto
1478 2262 1516 2316 de

317 2367 394 2423 iaoto
414 2367 542 2423 similiter
563 2361 724 2424 consensit
742 2384 776 2422 ao
795 2368 958 2423 huiusmodi
977 2368 1125 2424 electionis
1140 2367 1292 2441 negocium
1307 2366 1428 2438 proponi
1443 2365 1517 2420 feeit

320 2471 351 2526 in
370 2473 537 2528 consistorio
556 2489 651 2528 coram
670 2471 763 2528 nobis.
794 2470 855 2529 Nos
874 2472 964 2545 igitur
982 2472 1149 2528 electionem
1167 2471 1330 2527 huiusmodi
1345 2476 1375 2526 et
1388 2487 1517 2541 quecun·

320 2594 376 2648 que
390 2577 458 2632 inde
472 2581 570 2632 secuta
585 2581 683 2648 utpote
698 2584 763 2648 post
778 2583 806 2632 et
818 2582 918 2632 eontra
932 2578 1157 2633 reservacionem
1168 2580 1199 2632 et
1209 2577 1354 2631 decretum
1365 2573 1516 2647 predicta·

320 2682 356 2737 de
374 2681 451 2737 iacto
471 2686 504 2736 ut
517 2681 692 2754 premittitur
707 2686 878 2754 attemptata
892 2681 975 2737 irrita
988 2687 1075 2754 prout
1089 2686 1172 2737 erant
1187 2685 1217 2736 et
1230 2680 1331 2736 inania
1345 2683 1518 2753 reputantes

320 2791 349 2841 et
368 2787 406 2842 ad
424 2786 616 2859 provisionem
635 2786 761 2842 eiusdem
782 2788 946 2843 monasterii
966 2788 1085 2843 celerem
1105 2794 1135 2842 et
1153 2786 1277 2858 felicem,
1292 2786 1329 2841 de
1343 2802 1402 2857 qua
1416 2784 1518 2840 nullus

320 2897 415 2964 preter
437 2910 488 2947 nos
515 2904 554 2948 ea
580 2892 643 2949 vice
662 2892 813 2964 disponere
840 2891 989 2969 potuerat
1016 2885 1084 2949 aive
1111 2892 1239 2970 poterat
1263 2890 1462 2947 reservacione
1487 2895 1519 2945 et

320 2997 433 3052 decreto
452 2996 656 3052 obsistentibus
676 2996 857 3069 supradictis,
882 3014 919 3052 ne
938 2997 1025 3070 longe
1046 2996 1210 3054 vacaciouie
1229 3000 1418 3067 exponeretur
1436 2994 1519 3049 inco·

321 3101 421 3172 modis,
441 3101 569 3173 paternis
585 3106 614 3157 et
628 3101 747 3157 solicitis
762 3100 868 3157 studiis
883 3102 1066 3157 intendentes
1080 3106 1147 3173 post
1162 3100 1410 3171 deliberacionem,
1425 3116 1519 3170 quam

321 3207 356 3263 do
378 3206 551 3279 preficiendo
575 3208 666 3263 eidem
689 3207 861 3263 monasterio
885 3224 1036 3279 personam
1056 3206 1156 3262 utilem
1179 3203 1195 3239 *
1222 3206 1255 3262 et
1280 3204 1366 3261 etiam
1388 3204 1519 3259 fructuo-

321 3330 381 3368 sam
397 3313 613 3369 cumfratribus
628 3314 733 3368 nostris
748 3313 901 3367 habuimus
916 3311 1093 3385 diligentem,
1114 3314 1227 3369 demum
1248 3312 1284 3366 ad
1311 3300 1434 3366 dictum
1454 3300 1518 3365 Pe-

320 3418 406 3474 trum
428 3408 590 3493 abbatem,
614 3416 661 3473 cui
681 3418 716 3472 de
735 3416 882 3490 religionis
902 3417 961 3473 zelo
982 3417 1141 3473 litterarum
1155 3415 1280 3472 sciencia
1294 3414 1354 3473 vite
1369 3413 1519 3469 mundicia

321 3521 470 3577 honestate
482 3540 590 3577 morum
601 3521 793 3594 spiritualium
808 3520 994 3593 providencia
1009 3526 1039 3577 et
1052 3521 1251 3593 temporalium
1262 3518 1520 3591 circumspectione

322 3626 355 3683 et
369 3626 433 3682 aliis
453 3616 674 3703 multiplicium
696 3626 835 3684 virtutum
850 3626 942 3698 donis,
959 3626 1064 3698 quibus
1078 3643 1231 3699 personam
1251 3616 1329 3680 dieti
1349 3614 1439 3680 Petri
1460 3612 1519 3680 ab·

322 3722 406 3788 batis
421 3748 517 3787 earum
532 3722 673 3803 largitur¹
690 3730 823 3787 dominus
837 3731 998 3804 insignivit,
1014 3731 1093 3803 apud
1108 3747 1161 3786 nos
1175 3729 1232 3785 lide
1247 3729 1336 3801 digna
1350 3727 1520 3783 testimonia

322 3836 516 3907 perhibentur,
533 3836 685 3891 direximus
700 3835 797 3891 oculos
806 3841 902 3891 nostre
913 3836 1026 3906 mentis,
1039 3835 1145 3907 quibus
1158 3833 1291 3890 omnibus
1301 3850 1414 3889 necnon
1425 3832 1519 3887 dicto·

322 3957 385 3995 rum
400 3945 557 3997 conventus
579 3933 684 4019 ipsum
699 3940 871 4013 eligencium
886 3940 1020 3996 concordi
1036 3940 1186 3997 voluntate
1201 3943 1313 3994 attenta
1329 3936 1519 3993 meditatione

322 4046 450 4119 pensatis
470 4047 505 4102 de
516 4062 646 4118 persona
672 4038 772 4125 ipsius
794 4037 883 4102 Petri
909 4036 1037 4103 abbatis
1060 4045 1143 4100 nobis
1158 4049 1188 4100 et
1202 4043 1309 4099 eisdem
1324 4042 1462 4097 fratribus
1476 4042 1519 4097 ob

324 4150 462 4206 dictorum
493 4164 624 4207 suorum
650 4150 826 4223 exigenciam
848 4150 1012 4206 meritorum
1034 4155 1153 4222 accepta
1176 4148 1268 4205 eidem
1287 4146 1459 4203 monasterio
1480 4147 1519 4203 de

323 4255 464 4311 dictorum
486 4254 607 4311 fratrum
629 4255 747 4311 oonsilio
771 4255 941 4311 auctoritate
963 4254 1121 4326 apostolica
1142 4253 1320 4326 providimus
1344 4245 1519 4330 ipsumque

323 4424 530 4435 μ---.-.--

323 4528 391 4583 92⁰.
430 4542 443 4565 ⁸
466 4530 495 4581 A.
519 4535 583 4581 statt
605 4529 701 4581 obbae.
739 4556 771 4566 -
807 4528 821 4563 ¹³
844 4529 900 4579 Das
921 4527 1047 4596 folgende
1069 4531 1093 4577 et
1114 4524 1208 4577 decreti
1225 4523 1402 4591 predictorum
1422 4524 1453 4574 in
1470 4540 1518 4589 ge-

324 4618 449 4685 drdngter
467 4616 566 4669 Schriit
583 4617 631 4667 aui
647 4617 740 4667 Resur.
765 4644 798 4653 -
822 4614 881 4665 εΑ.
900 4631 948 4679 quc
964 4618 1054 4681 spliter
1071 4613 1255 4680 hinzugefllgt
1275 4640 1306 4649 —
1326 4612 1339 4645 ‘¹
1357 4610 1437 4678 Folgt
1454 4612 1519 4663 eine

323 4707 415 4758 kleine
433 4706 526 4757 Rasur.
555 4732 586 4743 —-
615 4704 698 4755 ”Das
717 4702 842 4770 fulgendo
859 4702 892 4754 de
902 4703 983 4767 facto,
1001 4708 1030 4753 ct
1044 4702 1202 4767 amentor
1219 4699 1270 4751 aui
1284 4700 1377 4751 Raaur.
1401 4725 1433 4736 -
1456 4698 1517 4747 fd.

324 4799 389 4846 statt
405 4794 520 4860 baptor.
