3250 5500
1200 474 1260 539 191

173 666 310 750 Sicyler:
347 667 532 733 Purkchart
565 690 628 732 von
660 666 869 751 Wartsnfels‚
907 666 966 732 der
999 666 1070 732 edel
1105 665 1263 752 Sigmund

81 771 340 837 Frenntshaussr.

172 876 313 942 Datum:
337 876 454 943 Gebon
469 874 583 963 (1424)
605 900 647 941 an
670 875 838 960 sambstag
862 898 919 941 vor
941 898 1039 941 unser
1060 876 1184 942 frawen
1206 886 1262 961 tog

80 1004 115 1044 m
135 980 329 1046 lischtmess.

10 1720 12 1776 i

10 1782 11 1850 i

10 1853 11 1904 i

10 1981 12 2061 i

10 2162 12 2201 i

173 1138 258 1205 Copia
277 1139 531 1191 incoactus.
562 1140 688 1190 Deutsch.

115 1350 209 1416 1119.
895 1356 979 1413 1424
994 1356 1053 1413 star
1070 1356 1121 1423 25,
1138 1357 1219 1413 Rom.

78 1520 172 1604 Popst
193 1523 327 1587 Martia
348 1521 383 1587 V.
411 1523 593 1605 beauftrapt
621 1522 673 1587 die
693 1524 791 1588 Aebte
819 1544 879 1588 ooo
908 1523 957 1589 st.
978 1522 1166 1588 Lambrecht
1196 1523 1264 1587 aad

78 1648 112 1689 ru
138 1628 200 1691 den
222 1626 370 1691 Schottcn
399 1628 435 1691 ia
457 1626 561 1707 Wiea,
591 1628 652 1692 dea
675 1625 800 1710 Oospor
825 1625 981 1709 Galakoph
1011 1629 1046 1692 io
1069 1628 1121 1693 die
1142 1627 1263 1709 Pforrc

442 1731 661 1816 Bouianum
687 1734 892 1799 mommsen.

171 1909 257 1975 Orig„
275 1909 351 1975 Perg.
364 1908 554 1975 seuchtflsckig
570 1926 597 1959 u.
610 1908 775 1975 baahndigt,
793 1909 883 1961 disnts
901 1910 941 1961 als
960 1910 1106 1977 Umschlag
1124 1928 1157 1961 au
1176 1913 1264 1961 sinam

10 1969 11 1978 '
77 1996 199 2061 wear.
238 1996 373 2047 Blaibulls
392 1996 553 2064 angenoun.

171 2119 232 2169 Ans
246 2119 294 2170 der
305 2118 415 2169 rechten
427 2120 599 2170 Aussenssita
611 2120 657 2171 das
669 2121 758 2186 Bugss
769 2123 805 2170 ist
818 2136 871 2171 von
883 2121 930 2171 dor
942 2122 976 2171 Η.
990 2120 1037 2171 dos
1049 2120 1265 2171 'I'sxtschrsibsrs

10 2203 11 2274 i
77 2209 120 2255 mit
139 2207 261 2273 gleichsr
279 2207 361 2256 Tints
381 2206 530 2258 vsrmerkt:
556 2208 588 2257 P.
606 2207 640 2257 de
662 2207 844 2273 varnasp-
870 2208 918 2257 auf
938 2207 985 2259 dar
1008 2207 1102 2258 linkcn
1120 2206 1194 2258 Soita
1210 2224 1264 2258 voa

10 2293 12 2421 i

10 2435 12 2529 i

10 2532 12 2593 i

76 2310 129 2361 dem
147 2312 226 2378 Bngs
244 2312 374 2363 vordsekt
395 2312 444 2362 dor
466 2311 703 2363 Kostsnvormsrk:
730 2276 786 2397 ξος
812 2313 952 2364 damntsr:
971 2312 1073 2379 Koepod.
1088 2312 1130 2365 VI.
1145 2312 1182 2363 id
1199 2314 1266 2363 suus

76 2416 138 2449 mmo
153 2402 270 2466 erptiam.
288 2400 395 2450 sarrin.

171 2556 335 2621 Martinus
357 2559 538 2642 spiscopus,
561 2578 675 2621 servus
698 2578 863 2622 servorum
888 2556 950 2642 dei,
973 2557 1152 2623 venerabili
1174 2558 1265 2622 fratri

77 2665 289 2747 ..episcopo
319 2660 483 2726 Eleetensi
512 2669 545 2725 et
575 2660 699 2726 dilectis
728 2661 801 2725 filiis
825 2709 833 2723 .
858 2713 865 2726 .
894 2663 997 2726 sancti
1026 2662 1194 2749 Lampsrti
1223 2662 1265 2726 de

76 2765 189 2830 Sancto
221 2767 399 2853 Lamperto
428 2789 469 2832 ac
502 2765 670 2832 Scotorum
705 2771 737 2832 in
761 2768 904 2833 Wienna
933 2766 1200 2853 salzeburgensis
1234 2778 1266 2832 et

75 2868 275 2936 Pataviensis
304 2871 441 2936 diocesis
470 2874 736 2936 monasteriorum
766 2871 939 2937 abbatibus
967 2871 1104 2938 salutem
1134 2883 1166 2937 et
1192 2894 1265 2958 apo·

10 2976 11 3004 ¹
75 2974 216 3040 stolicam
233 2974 501 3042 benedictionem.
526 2976 600 3042 Vite
623 3000 663 3042 ac
684 2999 812 3042 morum
832 2976 984 3042 honestas
1006 2977 1134 3063 aliaque
1157 2976 1265 3042 lauda·

75 3079 145 3145 bilia
174 3079 348 3167 probitatis
379 3091 412 3146 et
440 3085 595 3147 virtutum
622 3085 747 3164 merita,
770 3103 869 3168 super
892 3081 1008 3168 quibus
1031 3081 1119 3168 apud
1142 3103 1199 3147 nos
1222 3080 1266 3146 di-

75 3183 170 3250 lectus
205 3183 293 3250 filius
326 3184 452 3272 Oaspar
481 3184 681 3272 Chalskoph,
716 3186 853 3252 clericus
887 3187 1086 3251 Pataviensis
1120 3184 1266 3271 diocesis,

76 3289 239 3377 fidedigno
262 3289 507 3354 commendatur
528 3293 718 3376 testimonio,
741 3313 800 3356 nos
822 3290 988 3375 inducunt,
1012 3302 1048 3356 ut
1070 3290 1131 3355 sibi
1152 3289 1267 3354 redda-

76 3415 143 3459 mur
163 3394 210 3460 ad
234 3397 379 3479 graciam
400 3393 559 3460 liberales.
606 3394 762 3460 Exhibita
784 3393 944 3481 siquidem
967 3395 1059 3460 nobis
1082 3417 1186 3480 nuper
1209 3417 1266 3480 pro

76 3511 162 3583 parte
194 3499 276 3564 dicti
298 3498 451 3584 Caepario
482 3502 599 3585 peticio
629 3499 824 3584 continebat,
855 3498 940 3585 quod
973 3499 1047 3564 olim
1074 3499 1267 3586 parrochiali

77 3603 212 3670 ecclesia
236 3606 339 3668 sancti
360 3603 477 3668 Jacobi
498 3607 532 3668 in
547 3605 756 3689 Kuuigstetin
780 3604 865 3669 dicte
887 3604 1033 3688 diocesis,
1057 3626 1154 3690 quam
1170 3627 1267 3690 quon·

77 3706 147 3774 dam
169 3708 330 3774 Albertus
350 3708 481 3774 ultimus
503 3712 603 3794 ipsius
626 3709 762 3774 ecclesis
785 3718 901 3794 rector,
932 3709 1009 3774 dum
1032 3712 1167 3794 viveret,
1190 3709 1268 3774 obti-

76 3812 181 3897 nebat,
205 3834 267 3899 per
290 3813 436 3878 eiusdem
450 3812 578 3878 Alberti
600 3812 732 3889 obitum,
756 3817 811 3899 qui
835 3824 929 3879 extra
944 3814 1124 3879 Romanam
1145 3815 1268 3879 curiam

77 3915 157 3982 diem
180 3917 300 3982 clausit
321 3927 512 4004 extremum,
536 3929 673 3983 vacante
694 3918 782 3983 idem
797 3917 923 4005 Oaspar
938 3921 1048 4005 vigore
1065 3917 1268 4004 quarundam

77 4019 210 4087 aliarum
243 4021 422 4088 litterarum
452 4033 644 4101 nostrarum,
671 4045 730 4109 per
760 4045 841 4109 quas
873 4022 997 4087 dudum
1024 4022 1085 4088 sibi
1108 4022 1149 4088 de
1171 4023 1267 4088 bens·

77 4125 145 4190 ficio
168 4124 391 4192 ecclesiastico
414 4149 488 4192 cum
512 4150 591 4193 cura
613 4129 667 4193 vsi
691 4130 759 4193 sine
781 4150 861 4193 cura
888 4127 931 4192 ad
961 4127 1169 4193 collacionom
1198 4150 1268 4214 pro·

78 4232 234 4296 v'mionem
264 4234 540 4317 presentaoionem
563 4255 622 4297 ssu
644 4235 781 4318 quanvis
803 4233 899 4297 aliam
922 4231 1150 4318 diposieionem
1172 4255 1268 4297 vens·

77 4335 184 4401 rabilis
223 4335 331 4400 fratris
367 4339 467 4402 nostri
506 4389 513 4402 .
549 4388 556 4401 .
592 4339 734 4423 episcopi
770 4338 972 4402 Pataviensis
1011 4347 1043 4401 st
1080 4336 1268 4402 dilectorum

79 4439 214 4506 filiorum
238 4491 246 4505 .
272 4493 278 4506 .
310 4443 463 4526 prepositi
488 4492 495 4507 .
520 4493 539 4525 .,
570 4441 685 4507 decani
709 4494 716 4507 .
742 4493 760 4525 .,
792 4441 980 4508 scolastici.
1006 4493 1025 4526 .,
1054 4443 1223 4506 cantoris.
1250 4491 1267 4523 .‚

79 4544 269 4611 thesaurarii
294 4598 300 4610 .
326 4597 344 4629 .‚
373 4545 515 4611 custodis
546 4557 578 4610 et
600 4547 731 4633 capituli
754 4547 1017 4633 singulorumque
1040 4548 1266 4612 canonicorum

80 4661 109 4714 ct
128 4673 343 4738 personarum
366 4650 502 4716 ecclesie
517 4651 719 4716 Pataviensis
743 4653 953 4717 communiter
975 4651 1027 4716 vel
1051 4650 1177 4716 divisim
1199 4672 1268 4736 per-

81 4756 209 4840 tinente,
238 4766 378 4821 vacante
409 4757 461 4822 vel
491 4769 646 4823 vacaturo
675 4760 822 4841 graciose
846 4757 1007 4842 provideri
1031 4755 1267 4836 mandavimus,
