3250 5500
345 441 383 506 16

442 633 498 686 suf
514 635 562 686 der
574 634 745 687 Aussenseita
763 636 809 686 des
822 637 911 702 Buges
929 637 964 688 ist
981 652 1034 687 von
1051 636 1099 687 der
1115 637 1151 688 Η.
1163 637 1211 688 des
1222 637 1456 690 UrlrsScbreibers
1473 653 1534 690 ver·

339 723 438 772 merkt:
458 722 594 788 Rescripta
608 725 699 790 pratis.
718 723 856 774 Eclecrdus
889 723 931 788 U.;
951 731 1030 775 uuter
1047 724 1106 774 dem
1127 726 1202 791 Buge
1220 726 1320 776 rechts:
1340 726 1372 776 1¹¹.
1385 725 1417 776 de
1436 726 1535 776 Merite·

334 812 471 875 pollutam
499 809 571 862 links
593 810 640 861 der
666 811 904 862 Rostenvermerk:
922 799 947 885 ξς
975 812 1024 861 aul
1048 812 1094 862 der
1120 811 1265 863 Rllckseite
1291 813 1338 864 der
1355 811 1536 879 Reglsmtur·

339 897 470 948 vermerls.

443 1052 651 1138 {Bonifatius
674 1055 854 1140 episeopus,
885 1075 999 1120 servus
1028 1076 1196 1120 servorum
1227 1055 1289 1140 dei,
1319 1055 1363 1120 ad
1392 1055 1536 1122 futuram

340 1159 387 1222 rei
416 1159 644 1246 memoriam}
681 1158 814 1224 Sincere
845 1158 1031 1224 devocionis
1053 1160 1201 1244 affectus,
1225 1182 1322 1247 quem
1346 1159 1454 1226 dilecti
1478 1161 1536 1226 filii

340 1262 444 1328 abbas
474 1272 508 1328 et
537 1273 714 1328 conventus
744 1266 929 1329 monasterii
958 1272 1070 1329 sancte
1100 1263 1204 1328 Marie
1233 1267 1267 1329 in
1289 1263 1459 1332 Chottvico
1488 1288 1535 1331 or·

341 1367 423 1432 dinis
447 1371 550 1433 sancti
571 1367 741 1433 Benedicti
755 1369 957 1435 Patavieusis
981 1368 1138 1434 dioecesis
1160 1368 1203 1434 ad
1226 1391 1285 1434 nos
1307 1380 1339 1435 et
1353 1370 1536 1436 Romanam

339 1481 457 1558 gerunt
486 1471 666 1556 ecclesiam,
697 1483 907 1559 promeretur,
937 1484 974 1539 ut
996 1474 1210 1560 peticionibus
1233 1495 1353 1558 eorum,
1378 1485 1536 1561 quantum

340 1597 413 1642 oum
446 1576 506 1642 deo
533 1599 713 1664 possumus,
737 1578 959 1644 favorabiliter
980 1600 1171 1645 annuamus.
1216 1577 1351 1644 Dudum
1374 1578 1536 1666 siquidem

340 1703 397 1768 pro
421 1691 513 1768 parte
537 1681 713 1748 eorundem
738 1682 865 1748 abbatis
888 1693 920 1748 et
942 1692 1119 1747 conventus
1141 1681 1234 1747 nobis
1262 1685 1418 1769 exposito,
1447 1682 1536 1769 quod

338 1789 401 1872 ipsi
429 1786 514 1851 infra
540 1786 655 1852 limites
677 1787 887 1873 parrochialis
910 1786 1048 1852 ecclesie
1070 1788 1173 1852 saneti
1196 1787 1352 1874 Stephani
1373 1789 1407 1852 in
1430 1788 1537 1853 Maut

339 1901 411 1956 tarn
435 1889 580 1956 eiusdem
602 1889 758 1956 dioecesis
781 1891 935 1957 nonnulla
957 1891 1100 1957 decimas
1123 1901 1155 1956 et
1177 1891 1241 1956 alia
1262 1892 1348 1956 bona
1370 1891 1413 1956 ad
1430 1894 1537 1980 ipsam

341 1995 511 2060 ecclesiam
541 2006 573 2060 et
603 2019 714 2061 eorum
744 1998 974 2062 monasterium
996 1997 1183 2082 spectancia
1205 2007 1238 2061 et
1259 1998 1459 2083 pertinencia
1481 1996 1538 2062 ha-

341 2099 463 2165 bebant
489 2111 522 2164 et
543 2101 754 2187 possidebant
776 2123 816 2166 ao
839 2100 978 2166 eandem
1000 2100 1182 2186 ecclesiam,
1207 2123 1270 2187 que
1293 2122 1405 2166 eorum
1426 2123 1538 2166 mona·

339 2205 437 2269 sterio
467 2207 622 2270 canonice
653 2205 814 2271 existebat
844 2207 943 2288 unita,
974 2228 1033 2292 per
1054 2207 1212 2270 vicarium
1235 2205 1465 2292 presbyterum
1489 2229 1539 2272 se·

340 2309 483 2374 cularem
505 2310 673 2396 regebant,
701 2310 943 2397 propterquod
964 2313 997 2375 in
1021 2309 1112 2375 bonis
1135 2322 1169 2375 et
1190 2310 1324 2376 decimis
1339 2310 1537 2395 huiusmodi,

340 2437 383 2480 ex
412 2415 530 2502 quibus
560 2419 621 2503 ipsi
647 2416 750 2482 abbas
774 2427 806 2482 et
828 2425 1006 2482 conventus
1028 2416 1292 2482 sustentabantur
1314 2426 1347 2481 et
1368 2416 1537 2500 vivebant,

340 2521 557 2608 multipliciter
586 2521 817 2609 perturbantur
846 2532 879 2588 et
907 2531 943 2586 ut
972 2520 1171 2586 commodius
1193 2521 1376 2586 huiusmodi
1399 2520 1537 2586 decimis

341 2633 374 2689 et
402 2624 495 2689 bonis
522 2627 568 2689 uti
590 2635 729 2710 possent,
753 2647 810 2690 nos
834 2633 871 2689 ut
892 2623 1028 2690 cedente
1051 2623 1105 2688 vel
1128 2621 1307 2689 decedente
1330 2623 1468 2688 seculari
1490 2626 1538 2688 vi-

342 2731 428 2795 cario
458 2726 650 2817 presbytero
680 2729 864 2796 huiusmodi
894 2728 980 2795 dicte
1010 2728 1158 2812 ecclesie,
1188 2729 1244 2814 qui
1272 2736 1349 2793 tunc
1380 2737 1458 2812 erat,
1481 2727 1537 2793 vel

342 2857 414 2899 eam
445 2834 684 2921 quomodolibet
715 2833 893 2901 dimittente
921 2835 1034 2900 liceret
1062 2835 1139 2919 ipsis
1169 2832 1281 2898 abbati
1307 2842 1340 2897 et
1361 2835 1539 2899 conventui

343 2962 442 3004 unum
472 2940 700 3026 presbyterum
729 2940 894 3027 ydoneum
926 2939 1004 3005 dicti
1034 2960 1144 3004 eorum
1175 2935 1296 3002 ordinis
1325 2939 1359 3001 in
1392 2938 1539 3024 ipsorum

342 3053 536 3131 perpetuum
566 3047 723 3109 vicarium
752 3045 823 3109 loco
845 3044 992 3109 eiusdem
1013 3044 1125 3107 vicarii
1149 3041 1303 3107 secularis
1325 3063 1457 3127 ponere,
1481 3044 1539 3127 qui

344 3149 480 3215 eandem
505 3149 676 3214 ecclesiam
699 3158 829 3234 regeret
851 3159 883 3213 et
904 3147 983 3213 inibi
1004 3146 1210 3213 laudabiliter
1233 3145 1413 3211 deserviret
1433 3148 1466 3211 in
1490 3145 1541 3210 di·

343 3257 438 3339 vinis,
472 3254 594 3321 eisdem
629 3254 742 3321 abbati
776 3264 808 3319 et
842 3255 1014 3319 conventui
1046 3255 1238 3319 auctoritate
1272 3250 1448 3338 apostolica
1479 3274 1542 3339 per

344 3369 470 3425 nostras
499 3360 620 3425 litteras
651 3358 803 3425 duximus
833 3357 1076 3443 indulgendum,
1110 3366 1204 3444 prout
1224 3359 1258 3421 in
1280 3356 1403 3421 eisdem
1423 3354 1541 3421 litteris

344 3465 469 3551 plenius
501 3467 689 3530 continetur.
736 3463 818 3529 Cum
856 3475 975 3547 autem,
1009 3465 1091 3529 siout
1124 3461 1271 3527 exhibita
1303 3460 1397 3527 nobis
1433 3484 1542 3547 nuper

344 3592 402 3657 pro
432 3580 525 3657 parte
557 3568 715 3635 dictorum
745 3568 873 3633 abbatis
905 3577 937 3633 et
959 3577 1137 3634 conventus
1159 3568 1277 3654 peticio
1300 3564 1496 3649 continebat,
1519 3588 1542 3630 a

344 3675 504 3742 nonnullis
526 3684 671 3740 vertatur
693 3677 727 3739 in
749 3673 894 3757 dubium,
918 3696 960 3738 au
982 3676 1043 3759 ipsi
1065 3672 1168 3738 abbas
1191 3681 1224 3737 et
1246 3680 1424 3736 conventus
1439 3670 1542 3735 dicta-

344 3804 417 3847 rum
446 3782 623 3847 litterarum
653 3782 764 3865 vigore
794 3781 855 3865 ipsi
884 3778 1076 3866 presbytero
1105 3778 1253 3863 religioso
1282 3779 1315 3841 in
1345 3787 1542 3863 perpetuum

344 3890 501 3953 vicarium
530 3907 590 3972 per
621 3906 676 3949 eos
706 3886 809 3971 posito
839 3905 899 3948 seu
920 3882 1071 3970 ponendo
1093 3906 1206 3947 curam
1228 3884 1408 3947 animarum
1430 3904 1544 3967 parro-

345 3993 532 4058 chianorum
566 3990 652 4055 dicte
686 3990 825 4055 ecclesie
859 3991 1058 4053 committere
1091 3988 1255 4074 potuerint
1282 3986 1439 4051 hactenus
1469 3988 1544 4051 sire

344 4100 466 4184 possint
488 4098 521 4159 in
548 4094 692 4159 futurum
725 4104 756 4159 et
785 4118 828 4159 an
860 4116 918 4180 per
948 4093 1019 4177 hoc,
1051 4090 1137 4178 quod
1167 4091 1270 4156 abbas
1300 4102 1332 4156 et
1362 4100 1543 4157 conventus

344 4201 482 4288 predicti
513 4198 695 4264 huiusmodi
723 4198 892 4287 privilegio
922 4198 1032 4263 forsan
1061 4219 1104 4261 ex
1135 4195 1275 4283 quodam
1310 4197 1543 4282 compromisso

347 4330 420 4371 cum
444 4305 604 4371 ordinario
626 4303 688 4368 loci
711 4303 820 4368 habito
844 4326 907 4367 non
930 4313 1055 4367 utentes
1079 4300 1123 4365 ad
1144 4303 1244 4388 ipsius
1266 4300 1327 4365 loci
1343 4298 1545 4367 ordinarium

346 4434 404 4498 pro
434 4410 616 4475 huiusmodi
647 4432 726 4474 cura
754 4410 814 4495 ipsi
845 4410 966 4473 vicario
989 4406 1136 4492 religioso
1158 4415 1195 4469 ut
1216 4404 1378 4491 prefertur
1400 4410 1543 4472 commit·

347 4515 445 4582 tenda
458 4590 460 4597 Ι
475 4538 641 4580 recursum
671 4514 865 4598 habuerunt,
897 4536 916 4576 a
945 4511 1030 4576 dicto
1052 4510 1220 4598 privilegio
1243 4508 1415 4575 videantur
1436 4534 1544 4577 reces-

348 4624 426 4687 sisse
457 4643 514 4686 seu
540 4620 585 4685 illi
606 4622 818 4701 renuntiasse,
842 4640 899 4682 nos
922 4616 964 4682 ad
987 4615 1170 4682 huiusmodi
1193 4615 1409 4702 ambiguitatis
1432 4614 1543 4682 tollen·

349 4727 426 4792 dum
449 4726 583 4792 dubium
607 4725 754 4790 volumus
777 4733 808 4787 ct
824 4725 1013 4788 auctoritate
1028 4720 1202 4809 apostolica
1217 4722 1414 4807 presentium
1428 4730 1544 4786 tenore
