3250 5500
305 449 370 513 552

350 642 451 709 1539.
743 655 745 661 ’
918 648 1078 706 1463111Ιί
1094 649 1145 716 30,
1162 651 1453 711 Wiener-Naustadt.

305 815 425 881 Kolser
444 816 613 881 Friedrich
628 815 696 881 ΙΙΙ.
713 816 883 881 retundet
905 816 967 881 dea
983 817 1256 883 Friedeassclduss
1278 819 1338 884 mit
1353 819 1498 903 anara,

305 924 342 987 ia
370 921 514 987 wekhem
542 921 623 986 orech
654 921 803 987 Andreas
832 921 1073 999 anemonae,
1106 920 1198 1005 Graf
1222 944 1282 987 voa
1311 922 1497 1009 Fremitum,

717 1025 1016 1109 miteiapesclslossea
1038 1028 1090 1093 lat.

409 1203 493 1269 orig„
510 1202 586 1269 Perg.
623 1200 713 1267 Siegel
732 1216 766 1252 an
783 1200 997 1267 Perg.-Streiien.

409 1324 508 1375 Rechts
525 1324 575 1375 aui
590 1323 651 1374 dem
663 1323 739 1389 Buga
756 1324 791 1373 iat
803 1339 856 1373 von
875 1322 988 1374 anderen
1000 1324 1033 1373 H.
1048 1340 1074 1375 u.
1087 1324 1167 1376 'l'inte
1180 1327 1325 1380 vermarltt:
1351 1328 1503 1380 00me

306 1412 403 1463 dorrsiai
419 1413 582 1477 imperatoris
599 1413 628 1460 ia
645 1410 756 1461 coneilio

410 1567 597 1635 Fridericns
619 1576 680 1632 etc.
705 1567 965 1650 recognoscimus
988 1576 1019 1631 et
1040 1577 1152 1633 notum
1175 1569 1309 1634 facimus
1339 1592 1399 1656 per
1428 1594 1501 1658 pre·

308 1684 424 1758 sentes,
455 1696 529 1738 cum
559 1679 631 1758 post
659 1672 767 1735 varios
793 1679 949 1736 macutus
971 1673 1133 1737 internos
1156 1694 1199 1737 ex
1222 1696 1287 1738 una
1310 1684 1342 1739 et
1364 1680 1500 1741 serenis-

308 1782 423 1845 simum
445 1776 602 1843 Mathiam
632 1797 753 1862 regem,
784 1774 886 1839 filium
908 1786 1050 1841 nostrum
1075 1779 1284 1862 carissimum,
1308 1788 1341 1844 et
1361 1800 1502 1865 regnum

308 1884 477 1968 Hungarie
507 1880 652 1968 partibus
683 1902 726 1946 ex
757 1879 860 1944 altera
890 1879 1015 1944 habitos
1043 1879 1086 1945 ad
1109 1880 1238 1946 finalem
1261 1883 1500 1951 conclusionem

308 1990 397 2075 pacis
420 1996 452 2052 et
474 1986 645 2051 concordie
668 1987 829 2071 utrimque
853 1984 1036 2069 deventum,
1061 2008 1124 2072 que
1147 1995 1179 2051 et
1199 1990 1386 2053 anctoritate
1402 2011 1501 2076 appo-

309 2092 420 2158 stolica
442 2113 501 2177 per
524 2092 776 2158 commissarium
799 2091 991 2155 sanctissimi
1015 2089 1134 2155 domini
1157 2093 1254 2157 nostri
1278 2114 1361 2179 pape
1384 2093 1434 2159 Pii
1457 2094 1501 2159 ad

308 2198 370 2262 hoc
407 2196 589 2283 specialiter
623 2195 812 2281 deputatum
850 2196 1040 2261 confirmatu
1075 2197 1202 2280 existat,
1241 2207 1273 2262 et
1308 2200 1501 2284 magnificus

309 2301 413 2368 fidelis
443 2313 552 2368 noster
579 2300 715 2366 dilectus
738 2297 890 2366 Andreas
913 2298 1135 2383 Pemlrirchen
1165 2322 1274 2367 comes
1296 2302 1502 2369 Posoniensis

309 2406 505 2473 consiliarius
536 2416 644 2471 noster
674 2403 765 2470 nobis
794 2403 963 2490 hucusque
994 2404 1115 2470 auxilio
1146 2414 1179 2471 et
1210 2405 1338 2471 consilio
1361 2406 1502 2473 fideliter

309 2511 473 2577 adheserit
498 2510 666 2576 nobiscum
690 2517 874 2573 constanter
896 2509 1145 2594 perseverando,
1170 2509 1256 2596 quod
1278 2532 1335 2576 nos
1359 2511 1502 2579 eundem

309 2617 476 2684 Andream
498 2617 597 2701 ipsius
620 2613 781 2699 legalitate
805 2616 992 2679 constancia
1014 2612 1167 2679 fidelitate
1191 2614 1365 2680 adhesione
1381 2626 1414 2682 et
1428 2638 1500 2702 per·

308 2724 497 2788 severancia
527 2722 654 2786 attentis
684 2721 717 2784 in
739 2721 893 2806 pretectis
916 2718 1104 2785 tractatibus
1127 2730 1159 2786 et
1182 2719 1384 2787 conclusione
1407 2724 1499 2808 pacis

310 2838 342 2893 et
373 2826 545 2912 concordie
568 2827 752 2890 nominatim
776 2833 809 2888 et
832 2846 986 2911 expresse
1009 2824 1168 2892 voluimus
1191 2835 1223 2890 et
1245 2826 1393 2891 volumus
1417 2851 1501 2894 com·

310 2931 469 3021 prehendi
497 2929 569 2996 dolo
592 2940 624 2994 et
646 2930 760 2994 fraude
787 2932 821 2994 in
848 2929 909 2994 hiis
938 2929 1137 2996 cessantibus
1165 2931 1422 3018 quibuscumque
1448 2933 1502 2998 ha-

309 3061 381 3104 rum
403 3037 582 3101 testimonio
604 3033 790 3100 litterarum.
826 3034 947 3099 Datum
970 3036 1003 3098 in
1018 3033 1241 3100 Novacivitate
1258 3035 1309 3100 die
1325 3037 1503 3123 penultima

310 3143 428 3208 mensis
455 3140 522 3205 iulii
544 3161 627 3204 anno
650 3138 770 3204 domini
792 3149 853 3203 etc.
880 3139 1006 3222 LXIII,
1030 3141 1154 3225 imperii
1178 3142 1276 3204 nostri
1299 3139 1502 3227 duodecimo,

310 3268 483 3333 regnorum
513 3252 704 3327 nostrorum,
735 3243 871 3308 Romani
901 3245 1054 3308 vicesimo
1085 3253 1209 3330 quarto,
1241 3245 1409 3331 Hungarie
1441 3256 1501 3312 etc.

311 3373 388 3416 vero
412 3352 530 3437 quinto.

414 3511 441 3562 S.
459 3512 556 3563 Kaiser
574 3505 734 3560 Friedrich's
746 3509 795 3559 111.
814 3508 892 3570 rand,
915 3508 972 3559 roth
992 3508 1042 3558 auf
1057 3508 1117 3560 Sch,
1152 3509 1218 3560 abb.
1238 3510 1283 3560 bei
1310 3509 1389 3572 Sava,
1412 3511 1504 3578 Siegel

311 3601 359 3650 der
377 3605 468 3651 osterr.
486 3599 633 3665 Rogantes,
656 3597 683 3648 S.
699 3598 746 3646 161
770 3596 828 3663 sig.
845 3599 901 3646 112.
939 3594 988 3646 Am
1007 3596 1056 3648 av.
1073 3595 1120 3646 das
1139 3595 1232 3662 Signet
1253 3597 1406 3663 ungefdrbt,
1433 3596 1502 3649 Abb.

312 3686 416 3749 cheud,
434 3688 460 3739 S.
476 3688 524 3736 168
543 3685 601 3750 sig.
617 3687 673 3735 117.

356 3898 453 3967 1540.
980 3895 1077 3976 [1463
1094 3900 1267 3973 September
1283 3902 1333 3969 22,
1349 3897 1459 3980 lulla]

404 4071 603 4138 Bruclatr'tcle
624 4072 711 4136 einer
733 4067 957 4151 Verlocadlurrq
979 4088 1032 4132 ara
1054 4067 1223 4151 Londtupe
1244 4089 1285 4132 ea
1307 4068 1410 4135 Tullo.

417 4249 501 4315 Copia
518 4251 546 4298 in
564 4247 663 4298 Goon:
680 4247 699 4299 f.
713 4243 747 4306 t',
766 4247 791 4307 9,
811 4247 851 4294 10.

417 4371 472 4421 Ans
496 4369 555 4419 dem
578 4367 686 4418 Inhalte
708 4367 754 4418 des
776 4367 946 4418 undsfierten
968 4366 1166 4417 Bruchstltckes
1190 4367 1277 4432 ergibt
1299 4368 1364 4431 sich,
1391 4368 1452 4418 dass
1474 4383 1501 4418 es

314 4459 370 4510 sich
389 4470 434 4508 um
453 4457 496 4507 die
510 4454 737 4520 Verbandlungen
756 4454 802 4504 der
820 4453 920 4505 sunda
938 4453 986 4503 auf
1001 4453 1062 4504 dem
1081 4453 1220 4520 Landtage
1238 4469 1272 4503 au
1290 4453 1372 4505 Tulin
1385 4453 1501 4506 handelt

417 4612 489 4676 Auf
508 4611 560 4676 die
582 4610 641 4676 rod
662 4611 807 4696 zwisung
832 4610 888 4675 des
911 4607 1153 4696 hochwirdigen
1176 4608 1292 4675 herren
1316 4609 1375 4675 des
1397 4609 1501 4676 bebst

315 4716 440 4781 leichcn
473 4716 581 4801 legatn
614 4714 681 4780 und
715 4737 812 4780 unser
846 4714 905 4779 der
937 4713 1133 4780 lanntschaft
1165 4717 1199 4778 in
1236 4713 1300 4780 den
1338 4723 1502 4802 nagstver·
