3250 5500
1191 514 1252 579 193

83 706 152 770 dicte
178 706 386 792 parrochialis
416 705 553 771 ecclesie
583 706 731 771 volumus
762 704 927 789 anteferri,
957 705 1016 771 sed
1045 704 1166 771 nullum
1195 728 1253 792 per

82 811 131 875 hoc
156 813 199 875 eis
228 812 336 897 quoad
366 813 607 880 assecucionem
630 812 860 877 beneficiorum
883 810 1018 875 aliorum
1040 810 1252 896 preiudicium

81 919 210 1004 generari
239 940 298 982 seu
328 919 355 982 si
384 919 536 1003 episcopo
558 917 742 981 Pataviensi
771 938 830 1001 pro
859 926 1004 1001 tempore
1027 917 1178 980 existenti
1199 914 1253 979 vel

82 1020 229 1107 quibusvis
259 1022 330 1086 aliis
360 1022 570 1086 communiter
600 1020 653 1084 vcl
684 1019 813 1085 divisim
836 1042 855 1083 a
879 1018 965 1085 dicta
988 1022 1029 1084 sit
1052 1019 1129 1085 sede
1152 1019 1253 1084 indul·

81 1136 143 1208 tum,
172 1125 258 1212 quod
291 1124 335 1190 ud
369 1126 595 1211 recepcionem
626 1123 681 1189 vel
714 1126 930 1210 provisionem
960 1123 1093 1189 alicuius
1124 1126 1253 1189 minime

80 1241 231 1295 creantur
261 1240 294 1295 et
323 1230 366 1295 ad
397 1229 433 1295 id
462 1228 610 1315 compelli
639 1238 696 1294 aut
725 1227 812 1315 quod
841 1227 989 1293 interdici
1020 1229 1174 1314 suspendi
1201 1229 1253 1294 vel

20 1395 21 1418 q
80 1337 338 1399 excommunicari
370 1357 434 1400 non
467 1337 590 1420 possint
623 1333 775 1421 quodque
809 1332 850 1397 de
884 1333 1066 1400 huiusmodi
1099 1334 1152 1399 vel
1185 1334 1255 1399 aliis

20 1429 21 1449 ³
79 1438 227 1503 beneficiis
258 1438 485 1503 ecclesiasticis
515 1437 559 1503 ad
582 1460 694 1503 eorum
716 1438 924 1503 collacionem
946 1440 1162 1524 provisionem
1185 1461 1254 1525 pre-

79 1546 281 1609 sentacioncm
310 1525 378 1609 εθιι
397 1546 536 1630 quanvis
565 1543 663 1609 aliam
695 1542 940 1630 disposicionem
974 1545 1169 1609 coniunctim
1202 1543 1255 1609 vel

20 1679 21 1734 q
79 1651 234 1732 separatim
265 1648 487 1735 spectantibus
516 1648 593 1715 nulli
624 1647 731 1714 valeat
759 1648 922 1734 provideri
952 1670 1011 1734 per
1037 1648 1159 1713 litteras
1181 1671 1254 1735 apo-

20 1737 21 1740 *
79 1753 190 1817 stohcas
219 1776 284 1819 non
313 1753 470 1819 facientes
499 1753 629 1840 plenam
659 1763 692 1818 et
721 1774 910 1838 expressam
941 1776 981 1817 ac
1012 1752 1052 1817 de
1083 1754 1185 1818 verbo
1212 1753 1256 1818 ad

20 1849 21 1908 Ῐ
80 1856 201 1922 verbum
224 1858 267 1923 de
290 1858 413 1923 indulto
436 1856 619 1923 huiusmodi
642 1860 845 1923 mencionem
867 1867 900 1922 et
922 1856 1065 1943 qualibet
1087 1858 1150 1923 elia
1173 1858 1257 1923 dicte

20 1967 21 2033 ᾗ
78 1961 151 2025 sedis
167 1961 375 2048 indulgencia
395 1962 541 2048 generali
562 1960 615 2027 vel
638 1960 779 2048 speciali,
803 1964 1023 2048 curiusounque
1046 1964 1166 2026 tenoris
1190 1964 1254 2026 exi·

78 2074 138 2147 stat,
169 2088 229 2152 per
262 2089 360 2153 quam
393 2066 597 2153 presentibus
628 2087 691 2130 non
722 2088 914 2152 expressam
943 2065 996 2131 vel
1025 2065 1163 2131 totaliter
1192 2088 1255 2131 non

20 2153 21 2248 l
77 2172 215 2235 insertam
245 2171 382 2235 effectus
408 2170 591 2236 huiusmodi
618 2173 761 2255 graciam
784 2169 933 2255 impediri
955 2170 1063 2235 valeat
1085 2169 1255 2257 quomodo

78 2272 144 2337 libet
171 2274 223 2339 vel
255 2274 378 2340 differri
408 2285 440 2341 et
471 2274 512 2339 de
542 2297 606 2361 qua
636 2278 792 2361 cuiusque
823 2283 923 2339 totot
910 2284 1021 2339 tenore
1044 2274 1196 2340 habenda
1218 2278 1258 2340 sit

20 2381 21 2464 l
78 2378 105 2441 iu
123 2378 518 2444 nostrislitterismencio
542 2380 698 2465 specialis.
729 2378 1026 2464 Volumustautem‚
1050 2379 1257 2468 quodquam

20 2471 21 2550 l
77 2484 202 2566 primum
225 2482 332 2548 dictus
348 2483 473 2571 Caspar
491 2486 603 2571 vigore
619 2485 823 2570 presencium
837 2484 1071 2568 parrochialem
1088 2484 1257 2551 ecclesiam

77 2587 245 2671 predictam
268 2588 366 2653 fuerit
388 2588 525 2674 pacifice
548 2596 725 2673 assecutus,
756 2587 882 2673 prefate
905 2587 1009 2653 littere
1033 2598 1065 2653 et
1087 2611 1256 2675 processus

79 2689 167 2758 habiti
189 2714 249 2779 per
274 2690 406 2757 easdem
429 2703 461 2757 et
491 2714 683 2779 quecunque
713 2690 789 2757 inde
817 2702 929 2758 secuta
951 2702 1071 2758 extunc
1095 2696 1158 2760 sint
1180 2696 1256 2778 [ina-

78 2797 154 2879 nia]'¹
184 2808 217 2862 et
247 2800 339 2862 irrita
368 2797 550 2884 nulliusque
579 2798 703 2863 roboris
732 2797 785 2862 vel
808 2801 969 2863 momenti.
1015 2798 1083 2863 Nos
1107 2800 1192 2863 enim
1215 2822 1258 2864 ex

77 2921 151 2965 nunc
178 2904 306 2967 irritum
338 2900 544 2967 deceruimus
575 2912 609 2967 et
637 2904 744 2985 inane,
772 2904 799 2966 si
822 2923 916 2967 secus
938 2925 1036 2988 super
1058 2902 1118 2968 hiis
1141 2926 1161 2967 a
1184 2924 1258 2988 quo-

20 3005 22 3091 }
77 3026 160 3089 quam
182 3009 300 3093 quavis
327 3010 517 3072 auctoritate
548 3011 686 3073 scienter
715 3007 769 3073 vel
798 3009 985 3093 ignoranter
1015 3009 1184 3094 contigerit
1213 3017 1259 3073 at·

76 3115 222 3196 temptari.
270 3111 393 3176 Datum
416 3112 518 3177 Rome
540 3112 628 3199 apud
652 3121 780 3177 sanctos
802 3111 961 3198 apostolos
984 3111 1077 3177 VIII.
1100 3111 1259 3177 kalendas

77 3214 152 3299 iunii,
173 3215 382 3302 pontificatus
403 3219 502 3282 nostri
525 3238 609 3282 anno
632 3219 779 3302 septimo.

113 3462 207 3531 1120.
898 3468 982 3526 1424
996 3469 1058 3525 tun
1076 3469 1104 3535 1,
1122 3469 1216 3526 Wien.

76 3643 189 3730 Herrcy
209 3645 363 3712 Albrecltt
376 3646 412 3711 V.
435 3647 557 3728 sordet
578 3647 642 3712 Aut
663 3646 759 3712 Peter
773 3646 822 3712 ΙΙ.
843 3667 905 3712 uon
927 3644 1080 3730 Guiltwciq
1107 3647 1175 3730 aas,
1209 3645 1261 3711 die

78 3751 133 3830 auf
153 3751 206 3816 die
228 3750 349 3816 Rechts
374 3751 431 3815 der
451 3750 579 3815 Horren
604 3770 665 3815 ooo
686 3749 872 3834 Hoheabsrp
898 3751 974 3815 iiber
996 3751 1043 3817 St.
1061 3751 1130 3816 Veis
1153 3751 1261 3833 beatiq-

399 3855 501 3920 licbeu
523 3854 695 3922 Urbsmdeo
717 3856 935 3921 merendra.

169 4041 253 4107 orig„
272 4042 337 4107 rap.
350 4040 540 4108 feuohtfleckig
556 4057 583 4090 u.
596 4040 791 4092 surculorum
827 4041 917 4107 Siegel
936 4057 991 4092 wer
1008 4029 1193 4108 ausgesrus'au

169 4161 273 4212 Rechts
294 4168 374 4213 unter
394 4162 457 4212 dem
478 4163 579 4212 Datum
601 4163 637 4212 ist
657 4177 711 4213 von
731 4162 851 4228 gleicher
873 4163 909 4214 H.
930 4163 986 4213 und
1008 4163 1089 4214 'l'ints
1115 4165 1261 4216 varmerlrt:

79 4243 109 4296 D.
124 4247 177 4299 dua
194 4252 223 4300 ὄπ
241 4250 354 4302 murillo.
389 4249 448 4316 Vgl.
461 4265 500 4301 nr.
515 4251 590 4302 1103.

20 4468 21 4498 q
173 4405 250 4471 er
274 4403 433 4470 Albrecht
455 4415 515 4470 etc.
545 4405 705 4470 embieteu
733 4415 794 4472 etc.
819 4405 893 4470 dem
924 4405 1005 4471 abbt
1027 4429 1067 4470 uu
1091 4405 1165 4471 dem
1187 4406 1264 4470 Kot-

20 4499 21 4511 ’
80 4509 152 4592 reig
180 4531 282 4574 unser
303 4508 393 4595 guad
415 4506 483 4575 uud
505 4509 583 4574 alles
607 4509 689 4596 gt[t.
734 4509 830 4592 A]ls·
853 4513 911 4574 wir
935 4509 985 4575 dir
1007 4510 1171 4576 vormalen
1193 4533 1264 4574 ver-

80 4711 148 4769 lllb.
173 4720 388 4772 ¹’Unleserlich

82 4799 152 4858 1120.
174 4816 188 4839 ⁸
206 4807 298 4858 Dutch
317 4809 363 4858 ein
380 4805 455 4856 Loch
473 4810 591 4857 uemtbrt.

125 4897 230 4941 Pontos.
248 4899 278 4940 11.
287 4900 356 4942 asta.
375 4899 414 4941 sd.
423 4897 471 4940 Lu.
