3250 5500
1239 506 1304 573 549

111 719 151 761 ac
183 699 283 782 ipsius
316 695 452 761 ecclesie
485 695 696 783 parrochialis
728 699 840 782 gracia
872 695 965 762 nobis
999 707 1192 783 cooperante
1227 719 1303 764 cum

113 803 200 865 omni
230 799 408 865 devocione
437 822 502 886 qua
525 802 685 887 potuimus
708 800 789 868 feria
811 800 956 866 secunda
978 802 1074 866 etiam
1094 800 1214 887 pasche
1235 824 1304 888 per-

112 905 276 985 solvimus,
300 904 543 970 dedicacionem
566 904 702 970 ecclesie
724 904 935 991 parrochialis
957 904 1038 971 feria
1061 905 1205 971 secunda
1230 905 1304 971 feci·

112 1032 183 1075 mus
214 1007 350 1096 amplius
379 1008 546 1093 celebrari,
570 1009 812 1075 dedicationem
835 1031 913 1074 vero
936 1011 1119 1075 monasterii
1141 1012 1304 1096 virginum

112 1135 151 1179 ac
174 1114 360 1178 monialium
381 1115 413 1178 in
436 1114 578 1179 futurum
602 1113 684 1181 feria
705 1116 808 1179 tercia
830 1113 952 1199 pasche
975 1122 1048 1200 post
1062 1114 1176 1179 feriam
1192 1136 1304 1181 secun·

114 1217 190 1283 dam
213 1216 335 1305 pasche
358 1217 577 1284 ordinavimus
600 1220 703 1283 eciam
726 1216 893 1283 celebrari.
928 1218 1032 1303 Igitur
1054 1217 1201 1283 omnibus
1226 1240 1304 1285 vere

111 1321 339 1409 penitentibus,
362 1325 417 1409 qui
439 1322 483 1387 ad
505 1322 652 1409 predicta
674 1322 745 1388 loca
767 1324 813 1387 sic
836 1322 1043 1388 reconciliata
1065 1332 1098 1387 et
1113 1332 1301 1390 consecrata

111 1430 143 1493 in
166 1426 391 1493 festivitatibus
414 1427 625 1514 infrascriptis
648 1430 794 1493 venerint
816 1427 967 1493 videlieet
989 1429 1164 1493 nativitatis
1186 1427 1305 1493 Christi

112 1534 364 1598 circumcisionis
395 1532 568 1619 epiphanie
595 1554 788 1619 parasceves
810 1532 932 1619 pasche
955 1534 1150 1597 ascensionis
1174 1532 1303 1619 penthe-

111 1648 215 1701 costes
238 1638 388 1701 trinitatis
411 1638 553 1723 corporis
569 1635 687 1702 Christi
702 1638 902 1702 invencionis
918 1645 950 1701 et
966 1635 1176 1701 exaltationis
1192 1645 1302 1701 sancte

112 1743 227 1823 crucis,
260 1742 294 1807 in
325 1739 473 1806 omnibus
502 1740 730 1806 festivitatibus
751 1740 848 1806 beate
870 1741 974 1805 Maris
997 1739 1240 1819 s.ll1ichahelis‚
1271 1742 1305 1805 in

112 1844 260 1911 omnibus
282 1845 508 1911 festivitatibus
534 1844 760 1931 apostolorum,
791 1847 932 1911 omnium
963 1853 1148 1909 sanctorum
1178 1854 1211 1909 et
1240 1845 1304 1909 aui·

110 1972 236 2015 marum
265 1972 305 2013 ac
335 1951 390 2035 qui
419 1952 451 2013 in
482 1949 598 2013 divinis
629 1948 748 2014 officiis
774 1948 990 2014 interfuerunt
1019 1958 1075 2013 aut
1105 1969 1221 2035 corpus
1251 1948 1304 2013 vel

111 2052 216 2119 oleum
246 2075 384 2136 sacrum,
416 2075 490 2119 cum
519 2053 654 2119 infirmis
684 2055 716 2118 in
750 2055 978 2118 monasterium
1011 2062 1165 2139 portetur,
1201 2055 1303 2119 secuti

113 2159 247 2223 fuerunt
278 2167 311 2223 et
339 2180 417 2224 vero
448 2161 481 2223 in
504 2161 642 2224 serotina
664 2158 851 2245 pulsacione
874 2156 1011 2243 genibus
1034 2156 1128 2223 flexis
1149 2167 1212 2223 ter:
1244 2180 1306 2225 ave

111 2263 227 2347 Maria,
258 2263 400 2329 dixerint
428 2285 554 2328 necnon
585 2266 639 2349 qui
671 2284 785 2328 manus
816 2262 991 2329 adiutrices
1013 2273 1229 2349 porrexerunt
1251 2263 1304 2328 vel

109 2376 338 2433 testamentum
368 2367 569 2434 donaverunt
598 2366 651 2432 vel
677 2368 869 2453 legaverunt
891 2376 946 2433 aut
968 2368 1160 2432 cimiterium
1183 2374 1215 2431 et
1237 2366 1301 2432 alia

110 2472 182 2537 loca
211 2495 269 2560 pro
302 2472 461 2538 deftmctis
492 2482 720 2553 exoraverunt,
750 2474 783 2537 in
817 2470 1078 2537 dedicacionibus
1106 2469 1304 2557 prefatorum

110 2576 256 2643 locorum
286 2588 320 2641 et
348 2578 380 2641 in
410 2578 595 2663 patrociniis
623 2575 799 2641 eorundem
822 2575 1004 2661 specialiter
1028 2583 1249 2640 convenerunt
1272 2585 1305 2641 et

110 2704 192 2769 opus
220 2683 361 2747 caritatis
383 2690 663 2770 perpetraverunt,
695 2680 737 2744 de
760 2681 985 2766 omnipotentis
1008 2679 1061 2744 dei
1084 2678 1304 2745 misericordia

112 2798 145 2852 et
174 2786 342 2852 beatorum
373 2787 587 2873 apostolorum
609 2786 697 2852 Petri
722 2795 753 2851 et
775 2785 868 2850 Pauli
890 2787 958 2850 eius
981 2787 1170 2850 auctoritate
1193 2786 1304 2851 confisi

109 2901 142 2957 et
165 2890 312 2957 omnibus
335 2914 413 2956 vere
435 2890 651 2977 penitentibus
674 2900 706 2956 et
729 2890 893 2970 confessis,
925 2892 1076 2976 quociens
1099 2889 1181 2954 haec
1205 2911 1303 2977 supra

108 2997 229 3081 scripta
259 3005 404 3082 egerunt,
435 2993 650 3081 quadraginta
681 2993 750 3060 dies
777 2992 989 3060 criminalium
1013 2996 1174 3080 octoginta
1197 2995 1302 3058 venia·

108 3099 188 3164 lium
210 3098 251 3164 de
274 3101 423 3164 iniunctis
446 3101 635 3186 penitenciis
651 3101 683 3165 in
700 3097 829 3163 domino
844 3097 1028 3164 relaxantes
1044 3096 1302 3163 misericorditer.

108 3205 149 3270 In
172 3226 309 3290 quorum
332 3204 430 3269 fidem
454 3213 487 3268 et
508 3206 723 3269 testimonium
746 3205 974 3290 premissorum
997 3211 1164 3290 presentes
1180 3202 1302 3268 litteras

108 3309 209 3374 nostri
242 3307 338 3395 sigilli
371 3311 521 3373 iussimus
554 3310 709 3393 insigniri.
755 3308 877 3373 Datum
901 3307 1027 3373 Vienne
1058 3307 1219 3372 dominica
1250 3306 1302 3370 die

108 3423 182 3499 post
202 3413 321 3478 festum
343 3435 369 3477 s.
385 3412 537 3478 Iohannis
560 3412 721 3478 babtisteb
744 3434 828 3478 anno
852 3422 912 3478 etc.
938 3410 1062 3476 LXIII.

213 3607 239 3657 S.
252 3607 277 3656 d.
290 3607 320 3657 B.
335 3607 480 3672 Wolfguug
498 3604 662 3672 heschidigt
680 3605 821 3671 spitaoral‚
839 3604 898 3656 roth
917 3605 966 3655 auf
982 3603 1041 3656 sch.
1070 3603 1116 3655 U.:
1141 3604 1167 3654 S.
1187 3602 1303 3654 WOLF·

109 3679 313 3747 dunsten]
337 3694 536 3746 YPODGDSIS.
573 3695 628 3744 Der
651 3693 762 3743 Bischof
786 3694 821 3742 ist
844 3690 956 3743 stehend
982 3693 1019 3742 tm
1045 3691 1146 3742 Ornata
1172 3693 1201 3740 in
1228 3692 1304 3741 einer

107 3781 266 3847 gothischer
290 3781 390 3831 Niache
412 3780 577 3846 dargestsllt.
615 3782 752 3831 Darunter
773 3779 821 3830 der
840 3778 1059 3845 Wappensohild,
1082 3779 1149 3830 Ahb.
1167 3778 1210 3828 bei
1229 3779 1302 3828 Han·

108 3868 205 3930 thales,
227 3869 290 3918 lieo.
308 3869 330 3928 1,
353 3868 449 3919 'labii
473 3884 512 3920 nr.
528 3872 549 3918 l.
582 3867 672 3919 Ueber
689 3867 748 3917 dem
767 3866 876 3918 Schilds
894 3865 938 3918 die
957 3867 1038 3916 Mltrs
1056 3865 1110 3916 und
1128 3865 1175 3914 das
1192 3863 1303 3915 Pedum.

108 3956 159 4006 Am
177 3955 227 4006 ssv.
240 3955 287 4005 das
305 3956 399 4020 Signat
417 3954 711 4021 ltuglich-sechseclrig
733 3954 792 4004 roth
811 3953 860 4004 auf
876 3953 946 4018 Sch,
965 3953 1004 4002 111
1017 3953 1039 4002 B
1053 3955 1068 4001 2
1081 3968 1105 4004 a.
1142 3952 1181 4001 Im
1201 3951 1303 4017 Siegel·

109 4040 181 4093 fsldo
198 4044 245 4092 ein
262 4041 429 4092 Palmbaum.

152 4268 255 4337 1536.
919 4268 1257 4336 intermissuros.

108 4459 278 4526 Sclvreiben
300 4482 344 4524 an
358 4460 424 4526 Ati
439 4460 567 4526 Martia
589 4480 649 4523 oon
665 4458 819 4540 Gittweip
842 4458 899 4521 mit
914 4455 1128 4520 Nnchriehtea
1150 4454 1227 4518 uber
1249 4453 1301 4518 die

193 4563 567 4648 Zebentocrpochtunqen
589 4564 642 4628 des
663 4561 777 4645 Stiftes
798 4560 868 4626 aad
890 4561 1008 4625 andem
1029 4558 1220 4641 Deponas.

109 4791 192 4847 mas.
213 4794 227 4827 a
245 4793 318 4859 orig.
