<?xml version="1.0" encoding="UTF-8"?>
<!DOCTYPE html PUBLIC "-//W3C//DTD XHTML 1.0 Transitional//EN"
    "http://www.w3.org/TR/xhtml1/DTD/xhtml1-transitional.dtd">
<html xmlns="http://www.w3.org/1999/xhtml" xml:lang="en" lang="en">
 <head>
  <title>
</title>
<meta http-equiv="Content-Type" content="text/html;charset=utf-8" />
  <meta name='ocr-system' content='tesseract 3.04.00' />
  <meta name='ocr-capabilities' content='ocr_page ocr_carea ocr_par ocr_line ocrx_word'/>
</head>
<body>
  <div class='ocr_page' id='page_1' title='image "./relationenvenet15fiedgoog/relationenvenet15fiedgoog_0018.png"; bbox 0 0 3250 5500; ppageno 0'>
   <div class='ocr_carea' id='block_1_1' title="bbox 325 475 347 536">
    <p class='ocr_par' dir='ltr' id='par_1_1' title="bbox 325 475 347 536">
     <span class='ocr_line' id='line_1_1' title="bbox 325 475 347 536; baseline 0 0"><span class='ocrx_word' id='word_1_1' title='bbox 325 475 347 536; x_wconf 87' lang='lat'>4</span> 
     </span>
    </p>
   </div>
   <div class='ocr_carea' id='block_1_2' title="bbox 326 661 1526 1790">
    <p class='ocr_par' dir='ltr' id='par_1_2' title="bbox 326 661 1526 1790">
     <span class='ocr_line' id='line_1_2' title="bbox 326 661 1520 750; baseline -0.006 -18"><span class='ocrx_word' id='word_1_2' title='bbox 326 666 421 750; x_wconf 87' lang='lat' dir='ltr'>batis,</span> <span class='ocrx_word' id='word_1_3' title='bbox 453 671 529 729; x_wconf 84' lang='lat' dir='ltr'>dicto</span> <span class='ocrx_word' id='word_1_4' title='bbox 557 671 667 729; x_wconf 75' lang='lat' dir='ltr'>vestu-o</span> <span class='ocrx_word' id='word_1_5' title='bbox 696 671 868 728; x_wconf 77' lang='lat' dir='ltr'>monestede</span> <span class='ocrx_word' id='word_1_6' title='bbox 898 664 1119 748; x_wconf 87' lang='lat' dir='ltr'>incorporaret</span> <span class='ocrx_word' id='word_1_7' title='bbox 1140 669 1329 726; x_wconf 71' lang='lat' dir='ltr'>annecteret</span> <span class='ocrx_word' id='word_1_8' title='bbox 1350 668 1383 725; x_wconf 88' lang='lat' dir='ltr'>et</span> <span class='ocrx_word' id='word_1_9' title='bbox 1403 661 1520 745; x_wconf 86' lang='lat' dir='ltr'>uniret,</span> 
     </span>
     <span class='ocr_line' id='line_1_3' title="bbox 327 765 1521 857; baseline -0.005 -22"><span class='ocrx_word' id='word_1_10' title='bbox 327 769 415 835; x_wconf 91' lang='lat' dir='ltr'>idem</span> <span class='ocrx_word' id='word_1_11' title='bbox 446 768 658 857; x_wconf 81' lang='lat' dir='ltr'>predecessor</span> <span class='ocrx_word' id='word_1_12' title='bbox 688 767 804 834; x_wconf 91' lang='lat' dir='ltr'>dilecto</span> <span class='ocrx_word' id='word_1_13' title='bbox 835 766 900 833; x_wconf 90' lang='lat' dir='ltr'>filio</span> <span class='ocrx_word' id='word_1_14' title='bbox 930 765 1059 832; x_wconf 86' lang='lat' dir='ltr'>officiali</span> <span class='ocrx_word' id='word_1_15' title='bbox 1089 766 1273 831; x_wconf 87' lang='lat' dir='ltr'>Pataviensi</span> <span class='ocrx_word' id='word_1_16' title='bbox 1300 766 1369 829; x_wconf 89' lang='lat' dir='ltr'>eius</span> <span class='ocrx_word' id='word_1_17' title='bbox 1392 766 1521 852; x_wconf 87' lang='lat' dir='ltr'>proprio</span> 
     </span>
     <span class='ocr_line' id='line_1_4' title="bbox 328 869 1522 959; baseline -0.004 -20"><span class='ocrx_word' id='word_1_18' title='bbox 328 876 457 940; x_wconf 91' lang='lat' dir='ltr'>nomine</span> <span class='ocrx_word' id='word_1_19' title='bbox 481 896 545 939; x_wconf 94' lang='lat' dir='ltr'>non</span> <span class='ocrx_word' id='word_1_20' title='bbox 568 894 723 959; x_wconf 87' lang='lat' dir='ltr'>expresso</span> <span class='ocrx_word' id='word_1_21' title='bbox 748 874 812 938; x_wconf 91' lang='lat' dir='ltr'>suis</span> <span class='ocrx_word' id='word_1_22' title='bbox 836 872 927 937; x_wconf 86' lang='lat' dir='ltr'>dedit</span> <span class='ocrx_word' id='word_1_23' title='bbox 948 871 1059 937; x_wconf 89' lang='lat' dir='ltr'>litteris</span> <span class='ocrx_word' id='word_1_24' title='bbox 1080 873 1113 935; x_wconf 93' lang='lat' dir='ltr'>in</span> <span class='ocrx_word' id='word_1_25' title='bbox 1136 869 1306 954; x_wconf 90' lang='lat' dir='ltr'>mandatis,</span> <span class='ocrx_word' id='word_1_26' title='bbox 1330 878 1366 934; x_wconf 90' lang='lat' dir='ltr'>ut</span> <span class='ocrx_word' id='word_1_27' title='bbox 1379 869 1522 955; x_wconf 84' lang='lat' dir='ltr'>prefatas</span> 
     </span>
     <span class='ocr_line' id='line_1_5' title="bbox 329 983 1523 1060; baseline -0.003 -17"><span class='ocrx_word' id='word_1_28' title='bbox 329 988 472 1060; x_wconf 82' lang='lat' dir='ltr'>ecclesias,</span> <span class='ocrx_word' id='word_1_29' title='bbox 493 1003 615 1059; x_wconf 85' lang='lat' dir='ltr'>quarum</span> <span class='ocrx_word' id='word_1_30' title='bbox 634 993 748 1044; x_wconf 88' lang='lat' dir='ltr'>centum</span> <span class='ocrx_word' id='word_1_31' title='bbox 768 1005 833 1042; x_wconf 89' lang='lat' dir='ltr'>cum</span> <span class='ocrx_word' id='word_1_32' title='bbox 854 985 986 1042; x_wconf 89' lang='lat' dir='ltr'>omnibus</span> <span class='ocrx_word' id='word_1_33' title='bbox 1005 984 1115 1039; x_wconf 89' lang='lat' dir='ltr'>iuribus</span> <span class='ocrx_word' id='word_1_34' title='bbox 1135 989 1165 1039; x_wconf 91' lang='lat' dir='ltr'>et</span> <span class='ocrx_word' id='word_1_35' title='bbox 1182 983 1368 1056; x_wconf 77' lang='lat' dir='ltr'>pertinenciis</span> <span class='ocrx_word' id='word_1_36' title='bbox 1387 983 1446 1038; x_wconf 88' lang='lat' dir='ltr'>suis</span> <span class='ocrx_word' id='word_1_37' title='bbox 1460 1001 1523 1055; x_wconf 88' lang='lat' dir='ltr'>pre·</span> 
     </span>
     <span class='ocr_line' id='line_1_6' title="bbox 328 1087 1524 1164; baseline -0.005 -16"><span class='ocrx_word' id='word_1_38' title='bbox 328 1092 389 1150; x_wconf 89' lang='lat' dir='ltr'>fato</span> <span class='ocrx_word' id='word_1_39' title='bbox 410 1092 591 1164; x_wconf 89' lang='lat' dir='ltr'>monasterio,</span> <span class='ocrx_word' id='word_1_40' title='bbox 612 1091 693 1148; x_wconf 90' lang='lat' dir='ltr'>cuius</span> <span class='ocrx_word' id='word_1_41' title='bbox 713 1093 900 1148; x_wconf 89' lang='lat' dir='ltr'>ducentarum</span> <span class='ocrx_word' id='word_1_42' title='bbox 920 1090 1098 1147; x_wconf 86' lang='lat' dir='ltr'>marcharum</span> <span class='ocrx_word' id='word_1_43' title='bbox 1119 1089 1231 1162; x_wconf 84' lang='lat' dir='ltr'>argenti</span> <span class='ocrx_word' id='word_1_44' title='bbox 1251 1089 1317 1160; x_wconf 90' lang='lat' dir='ltr'>puri</span> <span class='ocrx_word' id='word_1_45' title='bbox 1336 1087 1447 1143; x_wconf 77' lang='lat' dir='ltr'>fructum</span> <span class='ocrx_word' id='word_1_46' title='bbox 1461 1088 1524 1143; x_wconf 90' lang='lat' dir='ltr'>red·</span> 
     </span>
     <span class='ocr_line' id='line_1_7' title="bbox 329 1184 1524 1269; baseline -0.007 -15"><span class='ocrx_word' id='word_1_47' title='bbox 329 1198 406 1254; x_wconf 88' lang='lat' dir='ltr'>ditus</span> <span class='ocrx_word' id='word_1_48' title='bbox 428 1202 458 1253; x_wconf 90' lang='lat' dir='ltr'>et</span> <span class='ocrx_word' id='word_1_49' title='bbox 478 1201 634 1269; x_wconf 88' lang='lat' dir='ltr'>proventus</span> <span class='ocrx_word' id='word_1_50' title='bbox 656 1198 813 1252; x_wconf 90' lang='lat' dir='ltr'>secundum</span> <span class='ocrx_word' id='word_1_51' title='bbox 836 1213 1006 1251; x_wconf 86' lang='lat' dir='ltr'>conmunem</span> <span class='ocrx_word' id='word_1_52' title='bbox 1025 1184 1229 1250; x_wconf 66' lang='lat' dir='ltr'>extimationed</span> <span class='ocrx_word' id='word_1_53' title='bbox 1250 1192 1374 1250; x_wconf 89' lang='lat' dir='ltr'>valorem</span> <span class='ocrx_word' id='word_1_54' title='bbox 1394 1209 1524 1247; x_wconf 88' lang='lat' dir='ltr'>annuum</span> 
     </span>
     <span class='ocr_line' id='line_1_8' title="bbox 329 1290 1525 1374; baseline -0.005 -16"><span class='ocrx_word' id='word_1_55' title='bbox 329 1307 362 1358; x_wconf 91' lang='lat' dir='ltr'>ut</span> <span class='ocrx_word' id='word_1_56' title='bbox 388 1293 582 1358; x_wconf 81' lang='lat' dir='ltr'>asserebatis</span> <span class='ocrx_word' id='word_1_57' title='bbox 609 1319 666 1357; x_wconf 90' lang='lat' dir='ltr'>non</span> <span class='ocrx_word' id='word_1_58' title='bbox 694 1291 912 1374; x_wconf 75' lang='lat' dir='ltr'>excedebant,</span> <span class='ocrx_word' id='word_1_59' title='bbox 940 1300 1111 1355; x_wconf 86' lang='lat' dir='ltr'>auctoritate</span> <span class='ocrx_word' id='word_1_60' title='bbox 1129 1297 1287 1370; x_wconf 85' lang='lat' dir='ltr'>apostolica</span> <span class='ocrx_word' id='word_1_61' title='bbox 1311 1301 1450 1369; x_wconf 87' lang='lat' dir='ltr'>perpetuo</span> <span class='ocrx_word' id='word_1_62' title='bbox 1479 1290 1525 1352; x_wconf 88' lang='lat' dir='ltr'>in·</span> 
     </span>
     <span class='ocr_line' id='line_1_9' title="bbox 331 1398 1525 1485; baseline -0.008 -20"><span class='ocrx_word' id='word_1_63' title='bbox 331 1405 517 1485; x_wconf 89' lang='lat' dir='ltr'>corporaret</span> <span class='ocrx_word' id='word_1_64' title='bbox 542 1398 649 1462; x_wconf 89' lang='lat' dir='ltr'>uniret</span> <span class='ocrx_word' id='word_1_65' title='bbox 676 1405 708 1462; x_wconf 93' lang='lat' dir='ltr'>et</span> <span class='ocrx_word' id='word_1_66' title='bbox 735 1405 924 1462; x_wconf 75' lang='lat' dir='ltr'>annecteret</span> <span class='ocrx_word' id='word_1_67' title='bbox 948 1398 1003 1481; x_wconf 91' lang='lat' dir='ltr'>ita,</span> <span class='ocrx_word' id='word_1_68' title='bbox 1026 1405 1098 1475; x_wconf 78' lang='lat' dir='ltr'>quod</span> <span class='ocrx_word' id='word_1_69' title='bbox 1121 1401 1288 1458; x_wconf 79' lang='lat' dir='ltr'>cedentibus</span> <span class='ocrx_word' id='word_1_70' title='bbox 1303 1401 1349 1459; x_wconf 86' lang='lat' dir='ltr'>val</span> <span class='ocrx_word' id='word_1_71' title='bbox 1364 1401 1525 1456; x_wconf 83' lang='lat' dir='ltr'>decedenti·</span> 
     </span>
     <span class='ocr_line' id='line_1_10' title="bbox 331 1500 1526 1582; baseline -0.007 -14"><span class='ocrx_word' id='word_1_72' title='bbox 331 1513 385 1568; x_wconf 88' lang='lat' dir='ltr'>bus</span> <span class='ocrx_word' id='word_1_73' title='bbox 407 1511 565 1567; x_wconf 85' lang='lat' dir='ltr'>rectoribus</span> <span class='ocrx_word' id='word_1_74' title='bbox 596 1500 756 1567; x_wconf 86' lang='lat' dir='ltr'>dictarum</span> <span class='ocrx_word' id='word_1_75' title='bbox 788 1510 981 1582; x_wconf 87' lang='lat' dir='ltr'>ecclesiarum,</span> <span class='ocrx_word' id='word_1_76' title='bbox 1005 1508 1055 1580; x_wconf 90' lang='lat' dir='ltr'>qni</span> <span class='ocrx_word' id='word_1_77' title='bbox 1083 1508 1162 1563; x_wconf 88' lang='lat' dir='ltr'>tunc</span> <span class='ocrx_word' id='word_1_78' title='bbox 1192 1507 1293 1581; x_wconf 85' lang='lat' dir='ltr'>erant,</span> <span class='ocrx_word' id='word_1_79' title='bbox 1321 1506 1368 1564; x_wconf 91' lang='lat' dir='ltr'>vel</span> <span class='ocrx_word' id='word_1_80' title='bbox 1389 1505 1526 1563; x_wconf 82' lang='lat' dir='ltr'>ecclesias</span> 
     </span>
     <span class='ocr_line' id='line_1_11' title="bbox 331 1603 1526 1689; baseline -0.005 -17"><span class='ocrx_word' id='word_1_81' title='bbox 331 1618 409 1689; x_wconf 88' lang='lat' dir='ltr'>ipsas</span> <span class='ocrx_word' id='word_1_82' title='bbox 424 1616 497 1670; x_wconf 87' lang='lat' dir='ltr'>alias</span> <span class='ocrx_word' id='word_1_83' title='bbox 512 1614 726 1686; x_wconf 85' lang='lat' dir='ltr'>quomodolibet</span> <span class='ocrx_word' id='word_1_84' title='bbox 741 1613 954 1670; x_wconf 81' lang='lat' dir='ltr'>dimittentibus</span> <span class='ocrx_word' id='word_1_85' title='bbox 976 1604 1089 1670; x_wconf 87' lang='lat' dir='ltr'>liceret</span> <span class='ocrx_word' id='word_1_86' title='bbox 1110 1603 1204 1668; x_wconf 86' lang='lat' dir='ltr'>vobis</span> <span class='ocrx_word' id='word_1_87' title='bbox 1227 1610 1401 1682; x_wconf 70' lang='lat' dir='ltr'>corporalem</span> <span class='ocrx_word' id='word_1_88' title='bbox 1415 1627 1526 1683; x_wconf 88' lang='lat' dir='ltr'>posses·</span> 
     </span>
     <span class='ocr_line' id='line_1_12' title="bbox 331 1714 1525 1790; baseline -0.006 -14"><span class='ocrx_word' id='word_1_89' title='bbox 331 1721 440 1778; x_wconf 89' lang='lat' dir='ltr'>sionem</span> <span class='ocrx_word' id='word_1_90' title='bbox 462 1719 644 1775; x_wconf 88' lang='lat' dir='ltr'>ecclesiarum</span> <span class='ocrx_word' id='word_1_91' title='bbox 666 1735 700 1773; x_wconf 90' lang='lat' dir='ltr'>ac</span> <span class='ocrx_word' id='word_1_92' title='bbox 722 1719 827 1773; x_wconf 86' lang='lat' dir='ltr'>iuriam</span> <span class='ocrx_word' id='word_1_93' title='bbox 849 1725 878 1774; x_wconf 90' lang='lat' dir='ltr'>et</span> <span class='ocrx_word' id='word_1_94' title='bbox 896 1717 1138 1790; x_wconf 88' lang='lat' dir='ltr'>pertinenciarum</span> <span class='ocrx_word' id='word_1_95' title='bbox 1158 1715 1349 1788; x_wconf 88' lang='lat' dir='ltr'>predictorum</span> <span class='ocrx_word' id='word_1_96' title='bbox 1368 1714 1458 1770; x_wconf 91' lang='lat' dir='ltr'>libere</span> <span class='ocrx_word' id='word_1_97' title='bbox 1476 1732 1525 1786; x_wconf 88' lang='lat' dir='ltr'>ap·</span> 
     </span>
    </p>
   </div>
   <div class='ocr_carea' id='block_1_3' title="bbox 331 1794 1528 1899">
    <p class='ocr_par' dir='ltr' id='par_1_3' title="bbox 331 1794 1528 1899">
     <span class='ocr_line' id='line_1_13' title="bbox 331 1794 1528 1899; baseline -0.006 -19"><span class='ocrx_word' id='word_1_98' title='bbox 331 1826 506 1899; x_wconf 87' lang='lat' dir='ltr'>prehendere</span> <span class='ocrx_word' id='word_1_99' title='bbox 521 1831 550 1880; x_wconf 89' lang='lat' dir='ltr'>st</span> <span class='ocrx_word' id='word_1_100' title='bbox 564 1824 643 1880; x_wconf 86' lang='lat' dir='ltr'>licite</span> <span class='ocrx_word' id='word_1_101' title='bbox 656 1823 779 1879; x_wconf 89' lang='lat' dir='ltr'>retinere</span> <span class='ocrx_word' id='word_1_102' title='bbox 794 1823 939 1879; x_wconf 80' lang='lat' dir='ltr'>diocesani</span> <span class='ocrx_word' id='word_1_103' title='bbox 954 1823 1009 1877; x_wconf 90' lang='lat' dir='ltr'>loci</span> <span class='ocrx_word' id='word_1_104' title='bbox 1025 1822 1071 1879; x_wconf 90' lang='lat' dir='ltr'>vel</span> <span class='ocrx_word' id='word_1_105' title='bbox 1086 1822 1289 1891; x_wconf 87' lang='lat' dir='ltr'>cuiuscumque</span> <span class='ocrx_word' id='word_1_106' title='bbox 1303 1794 1421 1874; x_wconf 85' lang='lat' dir='ltr'>alterius</span> <span class='ocrx_word' id='word_1_107' title='bbox 1440 1837 1528 1891; x_wconf 87' lang='lat' dir='ltr'>super</span> 
     </span>
    </p>
   </div>
   <div class='ocr_carea' id='block_1_4' title="bbox 331 1925 1535 4630">
    <p class='ocr_par' dir='ltr' id='par_1_4' title="bbox 331 1925 1535 4630">
     <span class='ocr_line' id='line_1_14' title="bbox 331 1925 1527 2001; baseline -0.005 -15"><span class='ocrx_word' id='word_1_108' title='bbox 331 1932 385 1988; x_wconf 90' lang='lat' dir='ltr'>hoc</span> <span class='ocrx_word' id='word_1_109' title='bbox 408 1929 529 1986; x_wconf 79' lang='lat' dir='ltr'>licencia</span> <span class='ocrx_word' id='word_1_110' title='bbox 552 1929 668 1984; x_wconf 88' lang='lat' dir='ltr'>minime</span> <span class='ocrx_word' id='word_1_111' title='bbox 688 1929 835 2001; x_wconf 81' lang='lat' dir='ltr'>requisita,</span> <span class='ocrx_word' id='word_1_112' title='bbox 862 1929 1014 1985; x_wconf 85' lang='lat' dir='ltr'>reservatis</span> <span class='ocrx_word' id='word_1_113' title='bbox 1034 1933 1129 1982; x_wconf 90' lang='lat' dir='ltr'>tamen</span> <span class='ocrx_word' id='word_1_114' title='bbox 1150 1928 1186 1982; x_wconf 94' lang='lat' dir='ltr'>de</span> <span class='ocrx_word' id='word_1_115' title='bbox 1206 1925 1348 1981; x_wconf 86' lang='lat' dir='ltr'>fructibus</span> <span class='ocrx_word' id='word_1_116' title='bbox 1367 1925 1527 1980; x_wconf 77' lang='lat' dir='ltr'>redditibus</span> 
     </span>
     <span class='ocr_line' id='line_1_15' title="bbox 333 2025 1527 2108; baseline -0.005 -16"><span class='ocrx_word' id='word_1_117' title='bbox 333 2041 362 2092; x_wconf 94' lang='lat' dir='ltr'>et</span> <span class='ocrx_word' id='word_1_118' title='bbox 381 2033 567 2108; x_wconf 87' lang='lat' dir='ltr'>proventibus</span> <span class='ocrx_word' id='word_1_119' title='bbox 597 2033 774 2107; x_wconf 84' lang='lat' dir='ltr'>singularum</span> <span class='ocrx_word' id='word_1_120' title='bbox 791 2025 809 2064; x_wconf 82' lang='lat'>*</span> <span class='ocrx_word' id='word_1_121' title='bbox 826 2033 1009 2089; x_wconf 88' lang='lat' dir='ltr'>ecclesiarum</span> <span class='ocrx_word' id='word_1_122' title='bbox 1031 2049 1083 2104; x_wconf 89' lang='lat' dir='ltr'>pro</span> <span class='ocrx_word' id='word_1_123' title='bbox 1104 2030 1225 2103; x_wconf 85' lang='lat' dir='ltr'>singulis</span> <span class='ocrx_word' id='word_1_124' title='bbox 1244 2030 1389 2102; x_wconf 89' lang='lat' dir='ltr'>perpetuis</span> <span class='ocrx_word' id='word_1_125' title='bbox 1412 2029 1527 2087; x_wconf 88' lang='lat' dir='ltr'>vicariis</span> 
     </span>
     <span class='ocr_line' id='line_1_16' title="bbox 333 2131 1527 2197; baseline -0.008 0"><span class='ocrx_word' id='word_1_126' title='bbox 333 2139 510 2197; x_wconf 88' lang='lat' dir='ltr'>secularibus</span> <span class='ocrx_word' id='word_1_127' title='bbox 528 2136 636 2194; x_wconf 87' lang='lat' dir='ltr'>ibidem</span> <span class='ocrx_word' id='word_1_128' title='bbox 655 2131 842 2194; x_wconf 83' lang='lat' dir='ltr'>instituendis</span> <span class='ocrx_word' id='word_1_129' title='bbox 862 2143 891 2193; x_wconf 93' lang='lat' dir='ltr'>et</span> <span class='ocrx_word' id='word_1_130' title='bbox 910 2137 1059 2194; x_wconf 88' lang='lat' dir='ltr'>servituris</span> <span class='ocrx_word' id='word_1_131' title='bbox 1079 2136 1193 2192; x_wconf 92' lang='lat' dir='ltr'>domino</span> <span class='ocrx_word' id='word_1_132' title='bbox 1209 2135 1281 2191; x_wconf 92' lang='lat' dir='ltr'>inibi</span> <span class='ocrx_word' id='word_1_133' title='bbox 1297 2134 1481 2189; x_wconf 75' lang='lat' dir='ltr'>laudabiliter</span> <span class='ocrx_word' id='word_1_134' title='bbox 1495 2135 1527 2188; x_wconf 90' lang='lat' dir='ltr'>in</span> 
     </span>
     <span class='ocr_line' id='line_1_17' title="bbox 333 2239 1528 2318; baseline -0.005 -17"><span class='ocrx_word' id='word_1_135' title='bbox 333 2244 439 2302; x_wconf 86' lang='lat' dir='ltr'>divinis</span> <span class='ocrx_word' id='word_1_136' title='bbox 462 2244 596 2317; x_wconf 80' lang='lat' dir='ltr'>congruis</span> <span class='ocrx_word' id='word_1_137' title='bbox 618 2243 811 2315; x_wconf 87' lang='lat' dir='ltr'>porcionibus,</span> <span class='ocrx_word' id='word_1_138' title='bbox 840 2243 875 2298; x_wconf 92' lang='lat' dir='ltr'>de</span> <span class='ocrx_word' id='word_1_139' title='bbox 898 2243 1003 2314; x_wconf 89' lang='lat' dir='ltr'>quibus</span> <span class='ocrx_word' id='word_1_140' title='bbox 1026 2241 1127 2299; x_wconf 89' lang='lat' dir='ltr'>vicarii</span> <span class='ocrx_word' id='word_1_141' title='bbox 1153 2239 1209 2312; x_wconf 91' lang='lat' dir='ltr'>ipsi</span> <span class='ocrx_word' id='word_1_142' title='bbox 1240 2241 1372 2318; x_wconf 81' lang='lat' dir='ltr'>possent</span> <span class='ocrx_word' id='word_1_143' title='bbox 1401 2257 1528 2312; x_wconf 84' lang='lat' dir='ltr'>congrue</span> 
     </span>
     <span class='ocr_line' id='line_1_18' title="bbox 334 2340 1529 2422; baseline -0.007 -16"><span class='ocrx_word' id='word_1_144' title='bbox 334 2349 498 2419; x_wconf 84' lang='lat' dir='ltr'>sustentari,</span> <span class='ocrx_word' id='word_1_145' title='bbox 519 2340 693 2422; x_wconf 87' lang='lat' dir='ltr'>episcopalia</span> <span class='ocrx_word' id='word_1_146' title='bbox 712 2348 776 2402; x_wconf 91' lang='lat' dir='ltr'>iura</span> <span class='ocrx_word' id='word_1_147' title='bbox 792 2347 902 2403; x_wconf 88' lang='lat' dir='ltr'>solvere</span> <span class='ocrx_word' id='word_1_148' title='bbox 918 2353 947 2402; x_wconf 91' lang='lat' dir='ltr'>et</span> <span class='ocrx_word' id='word_1_149' title='bbox 962 2347 1019 2402; x_wconf 87' lang='lat' dir='ltr'>alia</span> <span class='ocrx_word' id='word_1_150' title='bbox 1034 2346 1076 2402; x_wconf 91' lang='lat' dir='ltr'>eis</span> <span class='ocrx_word' id='word_1_151' title='bbox 1091 2344 1291 2400; x_wconf 90' lang='lat' dir='ltr'>incumbencia</span> <span class='ocrx_word' id='word_1_152' title='bbox 1305 2362 1393 2398; x_wconf 91' lang='lat' dir='ltr'>onera</span> <span class='ocrx_word' id='word_1_153' title='bbox 1410 2362 1529 2416; x_wconf 90' lang='lat' dir='ltr'>suppor-</span> 
     </span>
     <span class='ocr_line' id='line_1_19' title="bbox 335 2439 1528 2527; baseline -0.004 -17"><span class='ocrx_word' id='word_1_154' title='bbox 335 2459 405 2525; x_wconf 87' lang='lat' dir='ltr'>tare,</span> <span class='ocrx_word' id='word_1_155' title='bbox 436 2468 475 2510; x_wconf 92' lang='lat' dir='ltr'>ac</span> <span class='ocrx_word' id='word_1_156' title='bbox 507 2443 652 2508; x_wconf 89' lang='lat' dir='ltr'>decrevit</span> <span class='ocrx_word' id='word_1_157' title='bbox 681 2444 805 2508; x_wconf 89' lang='lat' dir='ltr'>irritum</span> <span class='ocrx_word' id='word_1_158' title='bbox 836 2453 869 2507; x_wconf 90' lang='lat' dir='ltr'>et</span> <span class='ocrx_word' id='word_1_159' title='bbox 897 2444 1004 2526; x_wconf 89' lang='lat' dir='ltr'>inane,</span> <span class='ocrx_word' id='word_1_160' title='bbox 1031 2445 1059 2507; x_wconf 91' lang='lat' dir='ltr'>si</span> <span class='ocrx_word' id='word_1_161' title='bbox 1088 2463 1182 2506; x_wconf 89' lang='lat' dir='ltr'>secus</span> <span class='ocrx_word' id='word_1_162' title='bbox 1205 2463 1303 2527; x_wconf 89' lang='lat' dir='ltr'>super</span> <span class='ocrx_word' id='word_1_163' title='bbox 1325 2439 1386 2504; x_wconf 90' lang='lat' dir='ltr'>hiis</span> <span class='ocrx_word' id='word_1_164' title='bbox 1408 2463 1429 2504; x_wconf 93' lang='lat' dir='ltr'>a</span> <span class='ocrx_word' id='word_1_165' title='bbox 1452 2462 1528 2526; x_wconf 93' lang='lat' dir='ltr'>quo·</span> 
     </span>
     <span class='ocr_line' id='line_1_20' title="bbox 335 2547 1529 2636; baseline -0.005 -21"><span class='ocrx_word' id='word_1_166' title='bbox 335 2573 433 2636; x_wconf 90' lang='lat' dir='ltr'>quam</span> <span class='ocrx_word' id='word_1_167' title='bbox 465 2551 579 2636; x_wconf 88' lang='lat' dir='ltr'>quavis</span> <span class='ocrx_word' id='word_1_168' title='bbox 607 2549 796 2613; x_wconf 84' lang='lat' dir='ltr'>auctoritate</span> <span class='ocrx_word' id='word_1_169' title='bbox 819 2549 958 2612; x_wconf 88' lang='lat' dir='ltr'>scienter</span> <span class='ocrx_word' id='word_1_170' title='bbox 980 2547 1032 2612; x_wconf 91' lang='lat' dir='ltr'>vel</span> <span class='ocrx_word' id='word_1_171' title='bbox 1054 2549 1239 2632; x_wconf 86' lang='lat' dir='ltr'>ignoranter</span> <span class='ocrx_word' id='word_1_172' title='bbox 1261 2547 1463 2631; x_wconf 87' lang='lat' dir='ltr'>contingeret</span> <span class='ocrx_word' id='word_1_173' title='bbox 1483 2555 1529 2609; x_wconf 90' lang='lat' dir='ltr'>at·</span> 
     </span>
     <span class='ocr_line' id='line_1_21' title="bbox 333 2649 1530 2743; baseline -0.008 -21"><span class='ocrx_word' id='word_1_174' title='bbox 333 2657 493 2743; x_wconf 86' lang='lat' dir='ltr'>temptari.</span> <span class='ocrx_word' id='word_1_175' title='bbox 541 2653 689 2718; x_wconf 88' lang='lat' dir='ltr'>Dilectus</span> <span class='ocrx_word' id='word_1_176' title='bbox 712 2651 797 2717; x_wconf 82' lang='lat' dir='ltr'>filius</span> <span class='ocrx_word' id='word_1_177' title='bbox 821 2651 965 2732; x_wconf 88' lang='lat' dir='ltr'>Schawr,</span> <span class='ocrx_word' id='word_1_178' title='bbox 987 2650 1175 2715; x_wconf 88' lang='lat' dir='ltr'>licenciatus</span> <span class='ocrx_word' id='word_1_179' title='bbox 1197 2652 1231 2714; x_wconf 91' lang='lat' dir='ltr'>in</span> <span class='ocrx_word' id='word_1_180' title='bbox 1254 2649 1403 2730; x_wconf 88' lang='lat' dir='ltr'>decretis,</span> <span class='ocrx_word' id='word_1_181' title='bbox 1426 2650 1530 2714; x_wconf 88' lang='lat' dir='ltr'>Ratis·</span> 
     </span>
     <span class='ocr_line' id='line_1_22' title="bbox 333 2753 1530 2849; baseline -0.006 -23"><span class='ocrx_word' id='word_1_182' title='bbox 333 2762 485 2849; x_wconf 89' lang='lat' dir='ltr'>ponensis</span> <span class='ocrx_word' id='word_1_183' title='bbox 516 2769 549 2825; x_wconf 92' lang='lat' dir='ltr'>et</span> <span class='ocrx_word' id='word_1_184' title='bbox 570 2760 773 2824; x_wconf 85' lang='lat' dir='ltr'>Pataviensis</span> <span class='ocrx_word' id='word_1_185' title='bbox 805 2758 1016 2822; x_wconf 86' lang='lat' dir='ltr'>ecclesiarum</span> <span class='ocrx_word' id='word_1_186' title='bbox 1047 2758 1232 2840; x_wconf 89' lang='lat' dir='ltr'>canonicus,</span> <span class='ocrx_word' id='word_1_187' title='bbox 1263 2753 1408 2820; x_wconf 86' lang='lat' dir='ltr'>officialis</span> <span class='ocrx_word' id='word_1_188' title='bbox 1435 2755 1530 2820; x_wconf 91' lang='lat' dir='ltr'>Pata-</span> 
     </span>
     <span class='ocr_line' id='line_1_23' title="bbox 333 2859 1530 2949; baseline -0.008 -16"><span class='ocrx_word' id='word_1_189' title='bbox 333 2868 463 2949; x_wconf 90' lang='lat' dir='ltr'>viensis,</span> <span class='ocrx_word' id='word_1_190' title='bbox 486 2866 520 2930; x_wconf 92' lang='lat' dir='ltr'>in</span> <span class='ocrx_word' id='word_1_191' title='bbox 541 2862 745 2928; x_wconf 77' lang='lat' dir='ltr'>huiusmodi⁸</span> <span class='ocrx_word' id='word_1_192' title='bbox 771 2863 977 2927; x_wconf 83' lang='lat' dir='ltr'>execucionis</span> <span class='ocrx_word' id='word_1_193' title='bbox 1001 2864 1135 2949; x_wconf 84' lang='lat' dir='ltr'>negocio</span> <span class='ocrx_word' id='word_1_194' title='bbox 1157 2859 1349 2947; x_wconf 87' lang='lat' dir='ltr'>procedens,</span> <span class='ocrx_word' id='word_1_195' title='bbox 1371 2869 1467 2946; x_wconf 89' lang='lat' dir='ltr'>prout-</span> <span class='ocrx_word' id='word_1_196' title='bbox 1485 2883 1530 2925; x_wconf 84' lang='lat' dir='ltr'>ex</span> 
     </span>
     <span class='ocr_line' id='line_1_24' title="bbox 334 2965 1530 3059; baseline -0.008 -22"><span class='ocrx_word' id='word_1_197' title='bbox 334 2976 477 3059; x_wconf 87' lang='lat' dir='ltr'>ipsarum</span> <span class='ocrx_word' id='word_1_198' title='bbox 510 2970 614 3035; x_wconf 84' lang='lat' dir='ltr'>forma</span> <span class='ocrx_word' id='word_1_199' title='bbox 647 2976 773 3055; x_wconf 90' lang='lat' dir='ltr'>poterat</span> <span class='ocrx_word' id='word_1_200' title='bbox 805 2967 994 3049; x_wconf 87' lang='lat' dir='ltr'>litterarum,</span> <span class='ocrx_word' id='word_1_201' title='bbox 1027 2967 1103 3052; x_wconf 91' lang='lat' dir='ltr'>quia</span> <span class='ocrx_word' id='word_1_202' title='bbox 1133 2968 1240 3031; x_wconf 89' lang='lat' dir='ltr'>omnia</span> <span class='ocrx_word' id='word_1_203' title='bbox 1270 2974 1303 3029; x_wconf 92' lang='lat' dir='ltr'>et</span> <span class='ocrx_word' id='word_1_204' title='bbox 1336 2965 1462 3050; x_wconf 88' lang='lat' dir='ltr'>singula</span> <span class='ocrx_word' id='word_1_205' title='bbox 1496 2967 1530 3029; x_wconf 92' lang='lat' dir='ltr'>in</span> 
     </span>
     <span class='ocr_line' id='line_1_25' title="bbox 336 3067 1530 3159; baseline -0.008 -18"><span class='ocrx_word' id='word_1_206' title='bbox 336 3075 459 3141; x_wconf 86' lang='lat' dir='ltr'>eisdem</span> <span class='ocrx_word' id='word_1_207' title='bbox 481 3075 593 3140; x_wconf 88' lang='lat' dir='ltr'>litteris</span> <span class='ocrx_word' id='word_1_208' title='bbox 617 3081 816 3159; x_wconf 83' lang='lat' dir='ltr'>expressata,</span> <span class='ocrx_word' id='word_1_209' title='bbox 841 3094 938 3157; x_wconf 91' lang='lat' dir='ltr'>super</span> <span class='ocrx_word' id='word_1_210' title='bbox 961 3069 1079 3156; x_wconf 89' lang='lat' dir='ltr'>quibus</span> <span class='ocrx_word' id='word_1_211' title='bbox 1100 3071 1339 3156; x_wconf 90' lang='lat' dir='ltr'>inquisitionem</span> <span class='ocrx_word' id='word_1_212' title='bbox 1361 3069 1439 3133; x_wconf 89' lang='lat' dir='ltr'>fecit</span> <span class='ocrx_word' id='word_1_213' title='bbox 1462 3067 1530 3132; x_wconf 91' lang='lat' dir='ltr'>dili·</span> 
     </span>
     <span class='ocr_line' id='line_1_26' title="bbox 334 3174 1532 3267; baseline -0.008 -21"><span class='ocrx_word' id='word_1_214' title='bbox 334 3190 475 3267; x_wconf 81' lang='lat' dir='ltr'>gentem,</span> <span class='ocrx_word' id='word_1_215' title='bbox 507 3181 627 3264; x_wconf 86' lang='lat' dir='ltr'>reperit</span> <span class='ocrx_word' id='word_1_216' title='bbox 652 3178 735 3242; x_wconf 86' lang='lat' dir='ltr'>forte</span> <span class='ocrx_word' id='word_1_217' title='bbox 758 3199 847 3261; x_wconf 88' lang='lat' dir='ltr'>vera,</span> <span class='ocrx_word' id='word_1_218' title='bbox 869 3177 1014 3262; x_wconf 87' lang='lat' dir='ltr'>prefatas</span> <span class='ocrx_word' id='word_1_219' title='bbox 1036 3175 1254 3262; x_wconf 81' lang='lat' dir='ltr'>parrochiales</span> <span class='ocrx_word' id='word_1_220' title='bbox 1277 3174 1432 3239; x_wconf 89' lang='lat' dir='ltr'>ecclesias</span> <span class='ocrx_word' id='word_1_221' title='bbox 1455 3196 1532 3238; x_wconf 90' lang='lat' dir='ltr'>cum</span> 
     </span>
     <span class='ocr_line' id='line_1_27' title="bbox 336 3280 1531 3368; baseline -0.008 -17"><span class='ocrx_word' id='word_1_222' title='bbox 336 3284 484 3351; x_wconf 89' lang='lat' dir='ltr'>omnibus</span> <span class='ocrx_word' id='word_1_223' title='bbox 513 3282 635 3349; x_wconf 90' lang='lat' dir='ltr'>iuribus</span> <span class='ocrx_word' id='word_1_224' title='bbox 663 3292 695 3346; x_wconf 87' lang='lat' dir='ltr'>et</span> <span class='ocrx_word' id='word_1_225' title='bbox 724 3282 931 3368; x_wconf 90' lang='lat' dir='ltr'>pertinenciis</span> <span class='ocrx_word' id='word_1_226' title='bbox 962 3282 1028 3345; x_wconf 90' lang='lat' dir='ltr'>suis</span> <span class='ocrx_word' id='word_1_227' title='bbox 1059 3280 1165 3345; x_wconf 91' lang='lat' dir='ltr'>eidem</span> <span class='ocrx_word' id='word_1_228' title='bbox 1196 3290 1303 3345; x_wconf 87' lang='lat' dir='ltr'>vestro</span> <span class='ocrx_word' id='word_1_229' title='bbox 1337 3280 1531 3343; x_wconf 87' lang='lat' dir='ltr'>monasterio</span> 
     </span>
     <span class='ocr_line' id='line_1_28' title="bbox 336 3381 1532 3475; baseline -0.007 -19"><span class='ocrx_word' id='word_1_230' title='bbox 336 3392 525 3456; x_wconf 87' lang='lat' dir='ltr'>auctoritate</span> <span class='ocrx_word' id='word_1_231' title='bbox 555 3386 702 3475; x_wconf 88' lang='lat' dir='ltr'>predicta</span> <span class='ocrx_word' id='word_1_232' title='bbox 730 3385 909 3451; x_wconf 90' lang='lat' dir='ltr'>secundum</span> <span class='ocrx_word' id='word_1_233' title='bbox 939 3385 1070 3451; x_wconf 91' lang='lat' dir='ltr'>modum</span> <span class='ocrx_word' id='word_1_234' title='bbox 1100 3396 1132 3450; x_wconf 89' lang='lat' dir='ltr'>et</span> <span class='ocrx_word' id='word_1_235' title='bbox 1153 3385 1289 3452; x_wconf 87' lang='lat' dir='ltr'>formam</span> <span class='ocrx_word' id='word_1_236' title='bbox 1312 3387 1344 3448; x_wconf 92' lang='lat' dir='ltr'>in</span> <span class='ocrx_word' id='word_1_237' title='bbox 1369 3382 1461 3448; x_wconf 90' lang='lat' dir='ltr'>dictis</span> <span class='ocrx_word' id='word_1_238' title='bbox 1483 3381 1532 3448; x_wconf 91' lang='lat' dir='ltr'>lit·</span> 
     </span>
     <span class='ocr_line' id='line_1_29' title="bbox 335 3490 1531 3580; baseline -0.007 -19"><span class='ocrx_word' id='word_1_239' title='bbox 335 3498 413 3561; x_wconf 88' lang='lat' dir='ltr'>teris</span> <span class='ocrx_word' id='word_1_240' title='bbox 443 3494 620 3580; x_wconf 88' lang='lat' dir='ltr'>explicatos</span> <span class='ocrx_word' id='word_1_241' title='bbox 650 3501 806 3579; x_wconf 88' lang='lat' dir='ltr'>perpetuo</span> <span class='ocrx_word' id='word_1_242' title='bbox 837 3493 1057 3577; x_wconf 87' lang='lat' dir='ltr'>incorporavit</span> <span class='ocrx_word' id='word_1_243' title='bbox 1085 3492 1189 3555; x_wconf 90' lang='lat' dir='ltr'>univit</span> <span class='ocrx_word' id='word_1_244' title='bbox 1222 3500 1254 3554; x_wconf 86' lang='lat' dir='ltr'>et</span> <span class='ocrx_word' id='word_1_245' title='bbox 1286 3491 1443 3554; x_wconf 82' lang='lat' dir='ltr'>annexuit</span> <span class='ocrx_word' id='word_1_246' title='bbox 1474 3490 1531 3573; x_wconf 87' lang='lat' dir='ltr'>ita,</span> 
     </span>
     <span class='ocr_line' id='line_1_30' title="bbox 336 3593 1532 3687; baseline -0.006 -23"><span class='ocrx_word' id='word_1_247' title='bbox 336 3598 424 3687; x_wconf 92' lang='lat' dir='ltr'>quod</span> <span class='ocrx_word' id='word_1_248' title='bbox 451 3598 642 3665; x_wconf 89' lang='lat' dir='ltr'>cedentibus</span> <span class='ocrx_word' id='word_1_249' title='bbox 666 3596 718 3661; x_wconf 89' lang='lat' dir='ltr'>vel</span> <span class='ocrx_word' id='word_1_250' title='bbox 742 3594 975 3661; x_wconf 89' lang='lat' dir='ltr'>decedentibus</span> <span class='ocrx_word' id='word_1_251' title='bbox 998 3595 1177 3661; x_wconf 82' lang='lat' dir='ltr'>rectoribus</span> <span class='ocrx_word' id='word_1_252' title='bbox 1200 3594 1359 3659; x_wconf 88' lang='lat' dir='ltr'>dictarum</span> <span class='ocrx_word' id='word_1_253' title='bbox 1382 3593 1532 3658; x_wconf 91' lang='lat' dir='ltr'>ecclesia·</span> 
     </span>
     <span class='ocr_line' id='line_1_31' title="bbox 336 3697 1532 3790; baseline -0.008 -19"><span class='ocrx_word' id='word_1_254' title='bbox 336 3726 420 3788; x_wconf 84' lang='lat' dir='ltr'>rum,</span> <span class='ocrx_word' id='word_1_255' title='bbox 451 3706 504 3790; x_wconf 92' lang='lat' dir='ltr'>qui</span> <span class='ocrx_word' id='word_1_256' title='bbox 535 3712 613 3767; x_wconf 89' lang='lat' dir='ltr'>tunc</span> <span class='ocrx_word' id='word_1_257' title='bbox 636 3710 737 3786; x_wconf 89' lang='lat' dir='ltr'>erant,</span> <span class='ocrx_word' id='word_1_258' title='bbox 761 3700 813 3765; x_wconf 92' lang='lat' dir='ltr'>vel</span> <span class='ocrx_word' id='word_1_259' title='bbox 837 3699 991 3765; x_wconf 87' lang='lat' dir='ltr'>eeclesias</span> <span class='ocrx_word' id='word_1_260' title='bbox 1013 3702 1099 3785; x_wconf 89' lang='lat' dir='ltr'>ipsas</span> <span class='ocrx_word' id='word_1_261' title='bbox 1122 3700 1200 3765; x_wconf 89' lang='lat' dir='ltr'>alias</span> <span class='ocrx_word' id='word_1_262' title='bbox 1225 3698 1464 3785; x_wconf 91' lang='lat' dir='ltr'>quomodolibet</span> <span class='ocrx_word' id='word_1_263' title='bbox 1486 3697 1532 3762; x_wconf 91' lang='lat' dir='ltr'>di-</span> 
     </span>
     <span class='ocr_line' id='line_1_32' title="bbox 337 3803 1533 3892; baseline -0.007 -17"><span class='ocrx_word' id='word_1_264' title='bbox 337 3807 536 3875; x_wconf 87' lang='lat' dir='ltr'>mittentibus</span> <span class='ocrx_word' id='word_1_265' title='bbox 565 3806 678 3871; x_wconf 86' lang='lat' dir='ltr'>liceret</span> <span class='ocrx_word' id='word_1_266' title='bbox 707 3805 799 3870; x_wconf 88' lang='lat' dir='ltr'>vobis</span> <span class='ocrx_word' id='word_1_267' title='bbox 831 3804 1031 3892; x_wconf 86' lang='lat' dir='ltr'>corporalem</span> <span class='ocrx_word' id='word_1_268' title='bbox 1060 3806 1295 3892; x_wconf 84' lang='lat' dir='ltr'>possessionem</span> <span class='ocrx_word' id='word_1_269' title='bbox 1322 3803 1533 3868; x_wconf 87' lang='lat' dir='ltr'>ecclesiarum</span> 
     </span>
     <span class='ocr_line' id='line_1_33' title="bbox 337 3907 1534 4000; baseline -0.005 -22"><span class='ocrx_word' id='word_1_270' title='bbox 337 3912 558 4000; x_wconf 89' lang='lat' dir='ltr'>predictarum</span> <span class='ocrx_word' id='word_1_271' title='bbox 591 3910 693 3975; x_wconf 92' lang='lat' dir='ltr'>libere</span> <span class='ocrx_word' id='word_1_272' title='bbox 728 3910 976 3996; x_wconf 89' lang='lat' dir='ltr'>apprehendere</span> <span class='ocrx_word' id='word_1_273' title='bbox 1011 3920 1043 3975; x_wconf 89' lang='lat' dir='ltr'>et</span> <span class='ocrx_word' id='word_1_274' title='bbox 1075 3910 1160 3974; x_wconf 87' lang='lat' dir='ltr'>licite</span> <span class='ocrx_word' id='word_1_275' title='bbox 1194 3911 1334 3974; x_wconf 91' lang='lat' dir='ltr'>retinere</span> <span class='ocrx_word' id='word_1_276' title='bbox 1369 3907 1534 3973; x_wconf 90' lang='lat' dir='ltr'>diocesani</span> 
     </span>
     <span class='ocr_line' id='line_1_34' title="bbox 337 4014 1534 4101; baseline -0.006 -19"><span class='ocrx_word' id='word_1_277' title='bbox 337 4017 399 4082; x_wconf 88' lang='lat' dir='ltr'>loci</span> <span class='ocrx_word' id='word_1_278' title='bbox 422 4015 476 4081; x_wconf 89' lang='lat' dir='ltr'>vel</span> <span class='ocrx_word' id='word_1_279' title='bbox 500 4017 732 4100; x_wconf 89' lang='lat' dir='ltr'>cuiuscumque</span> <span class='ocrx_word' id='word_1_280' title='bbox 754 4014 886 4080; x_wconf 90' lang='lat' dir='ltr'>alterius</span> <span class='ocrx_word' id='word_1_281' title='bbox 910 4038 1007 4101; x_wconf 88' lang='lat' dir='ltr'>super</span> <span class='ocrx_word' id='word_1_282' title='bbox 1029 4014 1091 4079; x_wconf 88' lang='lat' dir='ltr'>hoc</span> <span class='ocrx_word' id='word_1_283' title='bbox 1112 4014 1248 4078; x_wconf 89' lang='lat' dir='ltr'>licencia</span> <span class='ocrx_word' id='word_1_284' title='bbox 1271 4014 1401 4078; x_wconf 91' lang='lat' dir='ltr'>minime</span> <span class='ocrx_word' id='word_1_285' title='bbox 1428 4014 1534 4098; x_wconf 88' lang='lat' dir='ltr'>requi-</span> 
     </span>
     <span class='ocr_line' id='line_1_35' title="bbox 339 4115 1535 4206; baseline -0.004 -21"><span class='ocrx_word' id='word_1_286' title='bbox 339 4124 408 4206; x_wconf 87' lang='lat' dir='ltr'>sita,</span> <span class='ocrx_word' id='word_1_287' title='bbox 443 4121 616 4185; x_wconf 89' lang='lat' dir='ltr'>reservatis</span> <span class='ocrx_word' id='word_1_288' title='bbox 646 4129 756 4185; x_wconf 89' lang='lat' dir='ltr'>tamen</span> <span class='ocrx_word' id='word_1_289' title='bbox 784 4119 826 4184; x_wconf 92' lang='lat' dir='ltr'>de</span> <span class='ocrx_word' id='word_1_290' title='bbox 857 4118 1016 4183; x_wconf 89' lang='lat' dir='ltr'>fructibus</span> <span class='ocrx_word' id='word_1_291' title='bbox 1050 4118 1230 4184; x_wconf 87' lang='lat' dir='ltr'>redditibus</span> <span class='ocrx_word' id='word_1_292' title='bbox 1261 4128 1293 4181; x_wconf 92' lang='lat' dir='ltr'>et</span> <span class='ocrx_word' id='word_1_293' title='bbox 1322 4115 1535 4204; x_wconf 87' lang='lat' dir='ltr'>proventibus</span> 
     </span>
     <span class='ocr_line' id='line_1_36' title="bbox 339 4222 1534 4311; baseline -0.004 -20"><span class='ocrx_word' id='word_1_294' title='bbox 339 4225 537 4311; x_wconf 84' lang='lat' dir='ltr'>singularum</span> <span class='ocrx_word' id='word_1_295' title='bbox 571 4225 779 4290; x_wconf 88' lang='lat' dir='ltr'>ecclesiarum</span> <span class='ocrx_word' id='word_1_296' title='bbox 806 4227 950 4311; x_wconf 87' lang='lat' dir='ltr'>ipsarum</span> <span class='ocrx_word' id='word_1_297' title='bbox 980 4246 1038 4310; x_wconf 92' lang='lat' dir='ltr'>pro</span> <span class='ocrx_word' id='word_1_298' title='bbox 1063 4224 1195 4309; x_wconf 88' lang='lat' dir='ltr'>singulis</span> <span class='ocrx_word' id='word_1_299' title='bbox 1217 4225 1381 4309; x_wconf 89' lang='lat' dir='ltr'>perpetuis</span> <span class='ocrx_word' id='word_1_300' title='bbox 1404 4222 1534 4286; x_wconf 87' lang='lat' dir='ltr'>vicariis</span> 
     </span>
     <span class='ocr_line' id='line_1_37' title="bbox 338 4328 1534 4417; baseline -0.005 -21"><span class='ocrx_word' id='word_1_301' title='bbox 338 4331 460 4397; x_wconf 90' lang='lat' dir='ltr'>ibidem</span> <span class='ocrx_word' id='word_1_302' title='bbox 487 4354 548 4417; x_wconf 92' lang='lat' dir='ltr'>per</span> <span class='ocrx_word' id='word_1_303' title='bbox 579 4330 786 4395; x_wconf 90' lang='lat' dir='ltr'>diocesanum</span> <span class='ocrx_word' id='word_1_304' title='bbox 816 4330 877 4395; x_wconf 93' lang='lat' dir='ltr'>loci</span> <span class='ocrx_word' id='word_1_305' title='bbox 907 4329 1059 4394; x_wconf 89' lang='lat' dir='ltr'>videlicet</span> <span class='ocrx_word' id='word_1_306' title='bbox 1087 4332 1273 4414; x_wconf 88' lang='lat' dir='ltr'>episcopum</span> <span class='ocrx_word' id='word_1_307' title='bbox 1295 4328 1534 4411; x_wconf 88' lang='lat' dir='ltr'>Pataviensem,</span> 
     </span>
     <span class='ocr_line' id='line_1_38' title="bbox 340 4433 1534 4524; baseline -0.005 -21"><span class='ocrx_word' id='word_1_308' title='bbox 340 4438 395 4524; x_wconf 91' lang='lat' dir='ltr'>qui</span> <span class='ocrx_word' id='word_1_309' title='bbox 426 4448 512 4502; x_wconf 87' lang='lat' dir='ltr'>esset</span> <span class='ocrx_word' id='word_1_310' title='bbox 541 4458 599 4522; x_wconf 89' lang='lat' dir='ltr'>pro</span> <span class='ocrx_word' id='word_1_311' title='bbox 628 4445 782 4522; x_wconf 91' lang='lat' dir='ltr'>tempore,</span> <span class='ocrx_word' id='word_1_312' title='bbox 813 4434 868 4500; x_wconf 89' lang='lat' dir='ltr'>vel</span> <span class='ocrx_word' id='word_1_313' title='bbox 890 4433 967 4499; x_wconf 91' lang='lat' dir='ltr'>sede</span> <span class='ocrx_word' id='word_1_314' title='bbox 992 4433 1164 4520; x_wconf 88' lang='lat' dir='ltr'>episcopali</span> <span class='ocrx_word' id='word_1_315' title='bbox 1186 4434 1372 4498; x_wconf 85' lang='lat' dir='ltr'>Pataviensi</span> <span class='ocrx_word' id='word_1_316' title='bbox 1394 4442 1534 4498; x_wconf 88' lang='lat' dir='ltr'>vacante</span> 
     </span>
     <span class='ocr_line' id='line_1_39' title="bbox 339 4536 1534 4630; baseline -0.005 -22"><span class='ocrx_word' id='word_1_317' title='bbox 339 4566 398 4630; x_wconf 90' lang='lat' dir='ltr'>per</span> <span class='ocrx_word' id='word_1_318' title='bbox 422 4540 597 4629; x_wconf 91' lang='lat' dir='ltr'>capitulum</span> <span class='ocrx_word' id='word_1_319' title='bbox 611 4541 805 4606; x_wconf 88' lang='lat' dir='ltr'>Pataviense</span> <span class='ocrx_word' id='word_1_320' title='bbox 827 4540 1030 4606; x_wconf 90' lang='lat' dir='ltr'>instituendis</span> <span class='ocrx_word' id='word_1_321' title='bbox 1050 4549 1083 4603; x_wconf 90' lang='lat' dir='ltr'>et</span> <span class='ocrx_word' id='word_1_322' title='bbox 1098 4540 1263 4604; x_wconf 88' lang='lat' dir='ltr'>servituris</span> <span class='ocrx_word' id='word_1_323' title='bbox 1280 4539 1408 4604; x_wconf 92' lang='lat' dir='ltr'>domino</span> <span class='ocrx_word' id='word_1_324' title='bbox 1423 4536 1534 4602; x_wconf 86' lang='lat' dir='ltr'>lauda-</span> 
     </span>
    </p>
   </div>
   <div class='ocr_carea' id='block_1_5' title="bbox 340 4694 547 4705">
    <p class='ocr_par' dir='ltr' id='par_1_5' title="bbox 340 4694 547 4705">
     <span class='ocr_line' id='line_1_40' title="bbox 340 4694 547 4705; baseline -0.019 0"><span class='ocrx_word' id='word_1_325' title='bbox 340 4694 547 4705; x_wconf 69' lang='lat'>——-—-</span> 
     </span>
    </p>
   </div>
   <div class='ocr_carea' id='block_1_6' title="bbox 341 4766 1130 4825">
    <p class='ocr_par' dir='ltr' id='par_1_6' title="bbox 341 4766 1130 4825">
     <span class='ocr_line' id='line_1_41' title="bbox 341 4766 1130 4825; baseline -0.009 -1"><span class='ocrx_word' id='word_1_326' title='bbox 341 4768 407 4825; x_wconf 75' lang='grc'><strong>903.</strong></span> <span class='ocrx_word' id='word_1_327' title='bbox 446 4770 542 4822; x_wconf 67' lang='lat' dir='ltr'>lCod.</span> <span class='ocrx_word' id='word_1_328' title='bbox 561 4775 626 4821; x_wconf 86' lang='lat' dir='ltr'>statt</span> <span class='ocrx_word' id='word_1_329' title='bbox 643 4772 836 4820; x_wconf 58' lang='lat' dir='ltr'>crematorum.</span> <span class='ocrx_word' id='word_1_330' title='bbox 856 4796 888 4806; x_wconf 97' lang='lat'>-</span> <span class='ocrx_word' id='word_1_331' title='bbox 908 4776 919 4801; x_wconf 78' lang='lat'>⁸</span> <span class='ocrx_word' id='word_1_332' title='bbox 937 4766 1000 4819; x_wconf 79' lang='lat' dir='ltr'>(lod.</span> <span class='ocrx_word' id='word_1_333' title='bbox 1019 4766 1130 4817; x_wconf 56' lang='lat' dir='ltr'>harodi</span> 
     </span>
    </p>
   </div>
   <div class='ocr_carea' id='block_1_7' title="bbox 0 0 1651 5500">
    <p class='ocr_par' dir='ltr' id='par_1_7' title="bbox 0 0 1651 5500">
     <span class='ocr_line' id='line_1_42' title="bbox 0 0 1651 5500; baseline 0 0"><span class='ocrx_word' id='word_1_334' title='bbox 0 0 1651 5500; x_wconf 95' lang='lat' dir='ltr'> </span> 
     </span>
    </p>
   </div>
  </div>
 </body>
</html>
