3250 5500
1261 485 1325 550 301

133 685 325 762 oportunum
347 678 526 744 remedium
549 677 705 745 adhibere
733 682 843 745 statuit
872 689 905 746 et
927 679 1081 765 decernit,
1104 691 1141 747 ut
1163 682 1327 748 Romanus

133 782 289 868 pontifex,
313 786 368 870 qui
389 805 448 870 pro
471 795 615 871 tempore
638 785 744 869 fuerit,
768 807 825 850 eas
852 785 1006 873 deinceps
1028 790 1148 872 gratias
1176 799 1326 875 expecta-

132 890 214 953 tivas
237 899 294 954 aut
315 891 548 956 nominationes
571 889 657 954 nullo
680 888 774 955 modo
801 889 932 956 nullave
954 913 998 955 ex
1029 913 1128 956 causa
1159 894 1326 978 concedat,

133 1016 207 1058 cum
230 995 299 1080 ipse
322 1015 381 1080 pre
398 995 523 1079 ceteris,
546 1017 588 1058 ne
603 997 643 1059 sit
657 1003 819 1059 tantorum
834 997 960 1060 occasio
974 995 1141 1081 malorum,
1164 998 1327 1063 abstinere

132 1099 263 1184 debeat,
286 1099 406 1164 frustra
428 1099 513 1162 enim
536 1097 742 1163 inferioribus
768 1097 978 1184 inhiberetur,
1006 1103 1033 1164 si
1061 1103 1141 1187 ipse,
1172 1105 1227 1189 qui
1257 1103 1326 1167 aliis

133 1207 234 1272 debet
256 1226 327 1270 esse
350 1202 673 1289 omniumJbonorum
696 1211 729 1268 et
750 1205 905 1269 vimutum
935 1205 1112 1290 exemplar,
1137 1228 1201 1271 non
1231 1208 1326 1273 absti-

130 1323 232 1378 neret.
278 1313 325 1379 Ut
346 1313 431 1376 enim
454 1308 506 1374 ille
529 1309 747 1374 sanctissimus
763 1307 833 1373 Leo
848 1331 934 1394 papa
948 1311 1059 1394 inquit,
1082 1313 1184 1377 tocius
1207 1313 1326 1379 familie

132 1417 254 1483 domini
277 1425 378 1482 status
401 1423 433 1480 et
455 1413 534 1480 ordo
557 1413 740 1498 mutabitur,
765 1415 792 1478 si
814 1412 902 1499 quod
924 1415 1095 1500 inquiritur
1121 1418 1154 1480 in
1181 1438 1326 1504 corpore,

131 1545 196 1586 non
234 1522 398 1586 invenitur
430 1521 463 1584 in
498 1521 613 1604 capite,
647 1519 814 1602 integritas
844 1520 941 1584 etiam
974 1520 1207 1604 presidentium
1241 1523 1327 1587 salus

132 1626 309 1692 dinoscitur
331 1645 402 1689 esse
416 1622 593 1688 inferorum
608 1631 799 1709 cessentque
823 1621 865 1687 de
880 1631 989 1688 cetero
1010 1626 1073 1690 iam
1096 1625 1182 1691 facte
1205 1636 1237 1692 et
1259 1637 1326 1693 tam

113 1733 200 1816 .ipse
224 1751 321 1817 quam
344 1730 441 1794 etiam
463 1726 581 1811 fiende,
605 1728 631 1792 si
653 1749 717 1813 que
746 1727 836 1811 fiant,
867 1729 931 1792 sint
951 1727 1039 1794 nulle
1067 1731 1136 1816 ipso
1165 1731 1251 1796 facto
1271 1755 1327 1796 ex-

132 1837 236 1921 ceptis
258 1833 318 1899 illis
334 1834 445 1919 gratiis
468 1843 500 1897 et
521 1831 808 1914 nominaoionibus,
832 1853 930 1918 super
944 1833 1061 1918 quibus
1076 1857 1246 1920 processus
1261 1839 1326 1902 iam

132 1950 207 2005 sunt
219 1938 373 2024 expediti,
387 1959 468 2024 quas
480 1959 523 2001 ex
539 1938 633 2000 certis
649 1935 890 2002 rationabilibus
903 1940 1008 2002 causis
1023 1941 1057 2004 in
1068 1950 1140 2004 octo
1151 1942 1326 2026 mensibus,

131 2045 249 2133 quibus
273 2043 429 2108 hactenus
452 2063 582 2106 cursum
598 2040 720 2105 babere
737 2053 992 2127 consueverunt,
1014 2043 1212 2110 tollerandas
1236 2045 1327 2111 duxi-

131 2171 214 2232 mus,
238 2148 342 2213 donec
365 2146 457 2211 aliter
478 2145 575 2211 fiterit
597 2145 788 2210 ordinatum.
835 2146 1084 2213 Reservationes
1112 2151 1208 2216 etiam
1231 2154 1326 2238 parti·

131 2255 269 2338 culares,
293 2272 497 2338 quecumque
519 2250 639 2315 fuerint
667 2249 893 2315 benefitiorum
915 2261 1143 2320 vacaturorum
1172 2265 1239 2320 tam
1268 2279 1328 2341 per

131 2361 295 2424 Romanos
317 2355 484 2444 pontifices
507 2376 604 2441 quam
627 2376 686 2440 per
707 2354 832 2441 legatos
855 2353 942 2420 sedis
956 2357 1131 2442 apostolice
1154 2359 1196 2424 de
1219 2372 1326 2426 cetero

131 2465 219 2530 nulle
242 2465 306 2528 sint
327 2464 397 2549 ipso
419 2460 515 2526 facto.
545 2460 617 2525 Non
641 2469 750 2524 tamen
772 2460 911 2525 intendit
932 2461 1105 2547 prohibere
1128 2464 1190 2529 hec
1213 2475 1327 2530 sancta

129 2569 276 2659 synodus
291 2568 353 2633 hoo
369 2567 511 2653 presenti
527 2564 669 2648 decreto,
693 2567 863 2651 quominus
885 2565 984 2631 firturi
1000 2566 1137 2632 Romani
1159 2569 1326 2654 pontifices

127 2687 278 2762 tempore
300 2672 504 2760 pontificatus
528 2672 577 2735 sui
604 2668 700 2734 modo
731 2669 866 2735 honesto
896 2680 929 2736 et
958 2675 1161 2737 convenienti
1192 2673 1233 2738 de
1262 2697 1326 2739 uno

125 2780 283 2845 benefitio
305 2778 348 2842 ad
372 2776 582 2859 collationem,
606 2778 638 2840 in
663 2797 728 2861 qua
749 2775 870 2841 fuerint
891 2775 1007 2841 decem
1035 2777 1199 2863 benefitia,
1222 2790 1255 2844 et
1284 2780 1326 2845 de

126 2883 269 2965 duobus,
293 2882 349 2948 ubi
372 2882 492 2947 fuerint
513 2882 757 2967 quinquaginta,
782 2891 814 2945 at
836 2880 920 2946 ultra
947 2881 1119 2968 disponant
1140 2886 1185 2949 ita
1206 2893 1325 2968 umen,

124 3002 163 3056 nt
186 2992 220 3055 in
243 2986 358 3054 eadem
382 2986 519 3052 ecclesia
541 2984 720 3051 cathedrali
742 2985 794 3051 vel
826 2985 994 3072 collegiata
1028 2987 1110 3053 duas
1139 2987 1325 3074 prebendas

125 3118 187 3160 suo
210 3102 356 3179 tempore
378 3112 443 3157 non
466 3090 643 3174 conferant,
672 3099 709 3155 ut
738 3090 991 3176 qualificationes
1019 3091 1250 3178 graduatorum
1279 3095 1323 3158 iu·

124 3200 229 3265 serius
253 3196 421 3281 designate
444 3218 537 3261 suum
559 3194 690 3259 valeant
712 3196 817 3260 sortiri
840 3196 991 3260 effectum
1017 3198 1049 3261 in
1077 3198 1163 3282 ipsis.
1209 3197 1324 3283 Neque

125 3306 228 3369 etiam
259 3301 444 3366 collationes
473 3323 533 3387 per
562 3301 805 3385 proventionem
839 3299 965 3364 fiendas
998 3300 1136 3366 intendit
1168 3300 1325 3388 impedire

126 3408 261 3472 decreto
283 3414 390 3469 nostro
415 3403 455 3469 de
477 3402 751 3469 reservationibus
774 3403 883 3490 quoad
906 3413 1016 3468 cetera
1038 3414 1070 3468 et
1092 3404 1162 3469 aliis
1185 3404 1324 3471 decretis

124 3513 225 3577 huius
248 3518 360 3575 sancte
384 3507 500 3596 synodi
522 3510 556 3573 in
586 3530 644 3573 suo
666 3507 782 3573 robore
812 3508 984 3573 duraturis.
1030 3509 1076 3575 Ut
1104 3532 1184 3575 vero
1214 3514 1323 3594 ceteri,

123 3616 170 3682 ad
195 3637 276 3701 quos
298 3612 522 3679 benefitiorum
545 3612 735 3698 dignitatum
758 3612 930 3678 offitiorum
952 3622 985 3678 et
1006 3612 1324 3681 administracionum

123 3720 255 3787 collatio
278 3742 336 3784 seu
358 3720 471 3805 quevis
495 3716 659 3803 dispositio
682 3726 817 3803 spectat,
840 3717 883 3782 ad
912 3715 1149 3803 providendum
1178 3718 1323 3785 litteratis

123 3826 206 3891 iuris
229 3834 262 3889 et
284 3826 418 3889 scientia
437 3824 616 3910 perornatis
640 3820 811 3909 specialius
834 3824 1063 3907 astringantur,
1087 3822 1187 3888 voluit
1208 3822 1323 3888 eadem

122 3939 243 3995 sancta
258 3927 401 4015 synodus
417 3935 523 3992 certas
538 3926 706 4013 qualitates
722 3928 865 3992 virorum
879 3926 1090 3992 litteratorum
1106 3937 1139 3992 et
1152 3927 1324 4013 graduato-

122 4058 200 4101 rum
224 4032 398 4118 designari,
423 4032 539 4118 quibus
562 4042 650 4097 certo
673 4030 786 4096 ordine
814 4030 933 4096 debeat
962 4031 1134 4117 provideri,
1158 4042 1254 4119 prout
1280 4034 1323 4096 in·

121 4140 230 4205 serius
261 4146 442 4221 annotatur,
477 4136 631 4220 adiciens,
667 4135 753 4221 quod
784 4138 811 4201 si
845 4158 904 4221 per
937 4134 1076 4222 prelatos
1111 4146 1143 4200 at
1177 4136 1323 4201 doctores

121 4244 264 4311 alicuius
284 4242 422 4307 nationis
443 4242 476 4305 in
500 4239 561 4305 boo
585 4241 720 4306 concilio
744 4243 955 4307 consistentes
977 4262 1035 4327 pro
1066 4240 1151 4306 bono
1181 4264 1239 4306 sue
1269 4262 1322 4305 na-

119 4351 221 4413 tionis
244 4345 338 4411 aliter
360 4348 448 4410 circa
469 4343 629 4411 huismodi
644 4344 890 4432 qualificationis
913 4345 1151 4432 disponendum
1172 4345 1323 4411 videatur

121 4456 159 4518 in
183 4452 340 4533 futurum,
363 4449 520 4536 quidquid
542 4449 694 4536 perillus
725 4449 821 4515 fuerit
851 4449 1033 4516 ordinatum
1057 4460 1090 4516 et
1117 4452 1150 4515 in
1179 4450 1323 4535 generali

121 4558 378 4642 congregatione
400 4558 556 4641 presentis
580 4554 705 4620 concilii
720 4555 916 4641 conclusum,
940 4565 1061 4621 extunc
1084 4563 1178 4641 prout
1192 4576 1323 4619 exnunc

120 4672 234 4728 ratum
257 4670 291 4725 ct
312 4660 440 4725 firmum
463 4659 621 4725 habeatur
642 4670 674 4725 et
695 4663 762 4725 vim
785 4660 907 4725 decreti
933 4659 1063 4745 habeat,
1086 4663 1154 4725 acsi
1180 4661 1323 4746 presenti

123 4767 261 4832 decreto
289 4765 331 4829 de
363 4764 461 4831 verbo
489 4764 531 4829 ad
562 4764 699 4830 verbum
730 4788 922 4851 expressum
952 4766 1043 4849 foret,
1075 4765 1162 4851 quod
1192 4767 1219 4829 si
1252 4767 1323 4850 quis
