3250 5500
1236 484 1297 549 125

106 672 240 755 gratiam
261 672 371 737 facere
394 672 592 759 special[iter
614 672 833 757 discr]etioni⁶
861 682 971 740 vestre
992 695 1082 760 per.
1112 725 1119 738 .
1150 726 1156 739 .
1187 726 1193 737 .
1224 726 1230 739 .
1256 725 1262 738 .
1288 726 1295 739 .

108 827 697 844 ...................
720 778 773 843 vel
796 778 860 843 duo
882 777 935 843 vel
958 801 1040 843 unus
1063 788 1208 844 vestrum
1238 802 1297 865 per

105 902 158 945 vos
180 880 236 945 vel
258 880 356 946 slium
378 904 436 947 seu
457 882 537 947 alios
558 884 729 971 rectoriam
751 883 941 969 predictam,
965 885 1055 949 cuius
1078 883 1202 949 fructus
1225 883 1297 949 red·

107 984 187 1049 ditus
218 995 252 1050 et
277 997 452 1072 proventus
475 997 611 1073 quatuor
633 986 839 1053 marcharum
862 987 973 1053 sterlin
997 1035 1296 1054 ..........

106 1140 535 1157 ..............
556 1094 837 1177 [extiJmationem
853 1092 995 1157 valorem
1011 1114 1163 1175 annuum,
1179 1100 1214 1156 ut
1228 1094 1298 1177 ipse

105 1194 263 1260 Patricius
286 1198 411 1280 asserit,
434 1218 497 1261 non
520 1197 687 1263 excedunt
708 1200 778 1263 sive
797 1207 834 1263 ut
847 1198 1020 1284 prefertur,
1045 1199 1112 1261 sive
1129 1195 1207 1261 elias
1223 1217 1297 1283 quo·

104 1302 151 1364 vis
178 1299 276 1365 modo
303 1310 360 1365 aut
381 1323 425 1366 ex
447 1301 578 1366 alterius
601 1304 832 1388 cuiuscumque
854 1324 995 1389 persons
1017 1300 1069 1367 vel
1093 1350 1297 1367 .......

107 1453 698 1472 ...................
727 1406 995 1491 [re]cordsoionis
1028 1406 1180 1471 Iohannis
1214 1428 1298 1491 pape

104 1508 216 1589 XXII,
254 1508 492 1595 predecessoris
528 1514 638 1595 nostri,
676 1514 732 1598 qni
767 1514 892 1597 incipit:
949 1510 1163 1592 Eruci-abilis,
1200 1519 1299 1574 vacet

104 1612 229 1677 etiamsi
251 1624 340 1679 tanto
362 1624 506 1701 tempore
528 1618 705 1698 vacaverit,
735 1616 822 1702 quod
850 1618 918 1681 eius
941 1616 1066 1680 collatio
1089 1616 1181 1679 iuxta
1204 1614 1298 1679 Late·

103 1720 255 1783 rauensia
277 1720 423 1803 statut[a]
447 1766 1169 1786 .......................
1193 1718 1298 1805 [le]gi-

102 1824 179 1887 time
204 1821 357 1888 devoluta
378 1834 435 1889 ant
455 1826 595 1889 recton'a
617 1828 688 1911 ipsa
711 1825 909 1911 dispositioni
928 1823 1101 1911 apostolice
1116 1823 1300 1911 specialiter

102 1937 272 1992 reservata
294 1929 423 2012 existet,
446 1927 620 1995 dummodo
641 1940 787 2016 tempore
810 1928 879 1995 dati
901 1930 1097 2015 presentium
1120 1950 1182 1994 non
1206 1929 1299 1993 sitin

103 2055 144 2097 ca
163 2032 262 2097 elicui
281 2032 464 2119 specialiter
485 2035 518 2097 in
542 2081 1299 2101 ........................

104 2148 137 2203 et
167 2140 370 2224 pertinentiis
400 2141 465 2203 suis
495 2139 620 2225 prefato
642 2141 782 2205 Patricio
808 2142 999 2205 auctoritate
1022 2148 1131 2204 nostra
1153 2137 1300 2203 conferre

104 2252 137 2307 et
170 2245 337 2327 assignare
372 2246 491 2309 curetis
523 2244 714 2309 inducentes
745 2267 820 2309 eum
849 2243 903 2309 vel
932 2252 1175 2331 procuratorem
1205 2264 1299 2307 suum

105 2350 174 2412 eius
203 2351 333 2413 nomine
362 2350 395 2412 in
423 2348 636 2435 corporale[m
658 2351 907 2435 possessionem]
932 2397 1298 2415 ............

106 2502 506 2520 .............
531 2465 564 2519 et
585 2457 850 2541 pertinentiarum
880 2452 1100 2540 predictorum
1129 2463 1162 2518 et
1191 2450 1300 2515 defen·

5 2641 6 2648 ἵ
104 2556 221 2623 dentes
251 2556 440 2623 inductumd
464 2610 761 2625 ..........
786 2558 906 2624 exinde
937 2557 1080 2645 quolibet
1109 2556 1216 2621 illicito
1248 2554 1299 2619 de·

5 2655 6 2704 3
101 2671 229 2727 tentore
251 2685 291 2727 ac
314 2663 471 2727 facientes
494 2663 634 2729 eundem
649 2664 825 2729 Patricium
847 2662 900 2728 vel
921 2662 1041 2729 dictum
1057 2669 1300 2747 procuratorem

105 2817 962 2836 ...........................
987 2778 1036 2833 est
1057 2767 1153 2832 moris
1177 2764 1301 2829 admitti

5 2914 6 2921 κ
104 2871 232 2959 sibique
261 2872 302 2937 de
328 2875 429 2959 ipsius
452 2875 588 2939 rectorio
610 2873 768 2938 fructibus
790 2871 971 2938 redditibus
994 2871 1204 2959 proventibus
1228 2871 1300 2933 iuri-

103 2976 167 3042 bus
199 2987 232 3042 et
261 2977 508 3042 obventionibus
537 2979 697 3042 universis
731 2980 855 3063 integre
889 2976 1088 3064 responderi,
1123 2972 1300 3039 contradic-

103 3091 191 3146 tores
215 3129 1103 3149 ............................
1127 3081 1187 3143 sita
1218 3100 1300 3143 com-

103 3185 280 3271 pescendo.
325 3186 400 3251 Non
429 3184 632 3252 obstantibus
662 3188 689 3250 si
718 3185 817 3272 aliqui
847 3206 945 3271 super
973 3181 1210 3270 provisionibus
1241 3181 1302 3247 sibi

104 3291 315 3376 faciendi[s]·
338 3291 380 3356 de
403 3290 586 3357 huiusmodi
608 3290 864 3377 parrochialibus
888 3289 1032 3356 ecclesiis
1051 3287 1105 3353 vel
1120 3287 1189 3352 aliis
1204 3285 1301 3351 bene-

5 3438 7 3479 5
105 3395 188 3460 ficiis
220 3397 448 3461 ecclesiasticis
479 3441 1300 3462 ..........................

5 3542 7 3575 t
106 3500 192 3566 rales
214 3501 300 3565 dicte
317 3500 404 3565 sedis
419 3500 473 3564 vel
487 3500 667 3586 legatorum
682 3502 750 3565 eins
765 3499 889 3564 litteras
903 3499 1156 3584 impetraverint,
1178 3495 1302 3560 etiamsi

106 3627 167 3692 per
197 3627 253 3670 eas
283 3605 327 3670 ad
355 3605 576 3671 inhibitionem
606 3607 859 3670 reservationem
889 3613 922 3668 et
952 3601 1118 3666 decretum
1147 3599 1201 3666 vel
1223 3599 1301 3664 alias

107 3709 349 3796 quomodolibet
379 3753 1169 3777 .........................
1198 3705 1300 3770 Patri·

107 3819 194 3881 cium
216 3819 251 3881 in
272 3820 473 3884 assecutione
496 3815 581 3882 dicte
605 3819 741 3881 rectorio
756 3815 904 3880 volumus
919 3812 1082 3896 anteferri,
1105 3810 1163 3876 ssd
1179 3809 1302 3874 nullum

107 3942 166 4005 per
195 3921 259 3985 hoc
286 3923 333 3986 eis
356 3921 464 4008 quoad
486 3923 728 3986 assecucionem
750 3919 984 3985 beneficiorum
1006 3917 1142 3982 eliorum
1164 3913 1301 4000 preiudi·

6 4032 8 4045 '
109 4027 194 4090 cium
217 4030 368 4110 generari
392 4072 1111 4092 .......................
1146 4020 1302 4084 Berensis

6 4172 7 4219 }
109 4131 162 4196 vel
192 4130 361 4217 quibusvis
388 4131 458 4196 aliis
480 4134 693 4196 communiter
714 4130 768 4195 vel
790 4130 918 4195 divisim
941 4150 961 4193 a
984 4127 1070 4192 dicta
1093 4128 1134 4190 sit
1156 4124 1234 4189 sede
1256 4126 1302 4188 in·

6 4288 7 4293 1
111 4235 245 4321 dultum‚
277 4236 364 4323 quod
391 4236 433 4302 ad
460 4239 678 4322 receptionem
699 4236 753 4302 vel
773 4237 990 4322 provisionem
1014 4231 1148 4298 alicuius
1171 4231 1302 4295 minime

111 4351 283 4407 teneantur
313 4351 346 4406 et
375 4341 418 4407 ad
447 4383 1303 4409 ...........................

6 4620 7 4645 3
117 4567 196 4621 luto.
216 4581 228 4606 ⁰
245 4571 402 4624 Vsrvrischt
430 4597 462 4608 -
488 4569 613 4620 ‘Luchs
631 4568 732 4634 intolge
751 4569 825 4618 sines
843 4567 940 4618 Risses.
969 4593 1001 4603 -
1027 4563 1147 4616 ‘Dutch
1165 4564 1210 4615 ein
1229 4561 1303 4614 Lech

8 4674 9 4683 ¹
119 4665 229 4710 zentort.
