3250 5500
1239 506 1279 572 27

7 681 8 718 ³
94 702 129 759 illi
148 703 321 778 prefecimus
342 704 373 760 in
396 705 530 762 abbatem
553 723 650 764 curam
672 711 702 762 et
724 707 1004 764 administracionem
1025 707 1094 763 dicti
1114 708 1281 764 monasterii

7 865 8 868 ,
94 800 147 866 sibi
171 810 202 865 iu
224 809 424 882 spiritualibus
443 816 474 867 et
492 807 697 886 temporalibus
717 813 867 884 plenarie¹
886 813 1089 868 committendo
1108 813 1139 867 in
1154 812 1215 885 illo,
1231 812 1282 884 qui

7 911 9 994 i
94 917 137 970 dat
154 914 269 987 gracia
288 921 318 971 et
337 915 459 988 largitur
477 915 595 989 premia,
617 915 792 973 confidentes
812 918 889 990 quod
909 891 1050 990 dirigente
1070 917 1185 973 domiuo
1200 923 1282 973 actus

7 1011 8 1026 ³
92 1033 158 1076 suos
180 1020 258 1076 idem
279 1021 481 1077 monasterium
501 1039 553 1094 per
574 1015 674 1100 ipsius
697 1014 785 1078 Petri
807 1013 936 1079 abbatis
958 1023 1219 1095 circumspectionis
1239 1023 1281 1077 in-

7 1161 8 1168 ,
95 1123 228 1180 dustriam
249 1131 279 1180 et
301 1125 428 1181 studium
455 1125 632 1182 fructuosum
659 1131 772 1200 regotur
796 1127 907 1183 utiliter
931 1131 961 1182 et
985 1144 1120 1200 prospere
1146 1127 1285 1200 dirigetur

7 1279 9 1290 ,
91 1235 225 1302 mutaque
240 1228 271 1284 in
287 1229 394 1286 eisdem
409 1231 607 1303 spiritualibus
622 1237 652 1288 ct
666 1231 872 1304 temporalibus
890 1231 1028 1304 suscipiet
1050 1232 1236 1288 incrementa.
1263 1223 1282 1263 '⁸'

7 1313 8 1400 J
92 1333 226 1399 Quocirca
248 1327 448 1392 universitati
470 1337 576 1392 vestre
591 1353 642 1409 per
657 1336 816 1408 apostolica
829 1337 937 1409 scripta
951 1337 1129 1408 mandamus,
1146 1336 1284 1408 quatinus

7 1421 9 1462 ³
94 1430 229 1496 eundem
244 1431 378 1498 Petrum
393 1430 545 1499 abbatem
564 1454 622 1519 pro
643 1441 752 1498 nostra
775 1441 807 1498 et
828 1431 914 1497 sedis
937 1432 1110 1520 apostolice
1132 1455 1282 1499 reveren·

94 1537 137 1600 cia
165 1538 381 1623 suscipientes
411 1536 529 1602 devote
560 1547 592 1602 et
622 1537 732 1603 debita
762 1536 953 1603 obediencia
985 1547 1218 1624 prosequentes
1254 1538 1284 1602 ei

7 1683 9 1694 ·
92 1639 278 1706 fidelitatem
300 1640 424 1707 solitam
447 1663 573 1708 necnon
597 1653 749 1708 consueta
772 1645 912 1709 servicia
934 1652 967 1707 et
982 1645 1055 1707 iura
1074 1642 1136 1706 sibi
1155 1640 1283 1707 svobis

7 1809 8 1838 ,
93 1743 198 1810 debita
228 1745 387 1812 exhibere
413 1750 538 1832 integre
565 1746 731 1832 studeatis,
754 1747 895 1834 alioquin
917 1748 1116 1813 sentenciam
1138 1748 1208 1812 sive
1230 1768 1283 1833 pe·

7 1839 9 1856 '
93 1871 172 1934 uam,
204 1871 305 1936 quam
334 1848 421 1916 idem
451 1849 554 1917 abbas
584 1854 644 1917 rita
674 1851 780 1917 tideril
811 1874 869 1917 seu
898 1853 1044 1918 statuerit
1072 1855 1107 1916 in
1134 1849 1283 1934 rebelles,

92 1963 157 2018 rata
185 1954 383 2020 habebimus
413 1966 445 2021 et
466 1957 622 2021 faciemus
644 1965 775 2022 auctore
799 1956 927 2022 domino
949 1978 1053 2042 usque
1076 1954 1119 2020 ad
1142 1955 1285 2022 satisfac·

92 2061 208 2125 tionem
232 2060 427 2146 condignam
449 2060 675 2126 inviolabiliter
697 2061 874 2126 observari.
906 2061 1047 2126 Datuml
1070 2061 1172 2126 Rome
1195 2059 1285 2147 apud
1311 2095 1315 2102 ·

92 2163 246 2230 Sanctum
274 2164 408 2230 Petrum
437 2165 511 2230 XV.
539 2164 698 2231 kalendae
728 2165 921 2252 decembris,
950 2163 1155 2252 pontificatus
1185 2166 1285 2229 nostri

92 2290 171 2334 anno
195 2277 314 2355 quarto
337 2267 471 2334 decimo.

131 2513 216 2582 921.
812 2519 896 2578 1402
910 2518 1077 2578 November
1092 2520 1143 2586 2⁰,
1159 2519 1240 2578 Rom.

90 2703 191 2789 Papat
216 2704 360 2788 Bonifas
375 2704 440 2773 IX.
464 2705 587 2773 scint
601 2705 667 2774 Abs
687 2705 782 2772 Peter
797 2705 845 2773 II.
868 2727 930 2774 oon
952 2706 1106 2791 Gttwmp
1127 2707 1187 2773 dos
1208 2705 1284 2772 Pri·

90 2810 178 2894 vum,
207 2810 276 2877 siclt
301 2832 362 2877 oms
388 2810 532 2877 walchem
552 2810 703 2895 Bieclsofe
728 2812 841 2877 immer
867 2812 1080 2879 benedicieren
1105 2832 1147 2877 aa
1169 2811 1284 2878 tomen.

193 3006 280 3073 Gopie
296 3006 326 3056 iu
344 3005 441 3057 Cedo
459 3006 478 3057 f.
491 3002 561 3057 822'.

193 3181 377 3247 Bonifatius
392 3183 572 3268 episcopus,
588 3202 702 3245 servus
717 3200 884 3247 servorum
899 3180 962 3266 dei,
978 3180 1095 3246 dilecto
1109 3180 1174 3245 filio
1188 3179 1285 3246 Petro

90 3284 203 3351 abbati
226 3286 410 3351 monasterii
433 3295 544 3351 sancte
566 3285 668 3351 Maris
690 3288 723 3351 in
744 3284 903 3351 Gottwicc
925 3284 1046 3351 ordinis
1067 3288 1169 3351 sancti
1184 3285 1286 3351 Bene·

92 3389 177 3475 dicti,
203 3390 341 3455 ecclesie
363 3390 509 3456 Romane
538 3390 711 3455 inmediate
742 3389 888 3474 subiecti,
918 3391 1120 3456 Patavieusis
1149 3389 1286 3455 diocesis

91 3495 229 3561 sulutem
259 3505 292 3560 ct
319 3495 528 3582 apostolicam
557 3494 824 3561 benedictionem.
870 3494 953 3561 Cum
975 3517 1033 3560 nos
1054 3516 1159 3581 nuper
1179 3516 1286 3560 mona

92 3604 187 3667 mario
220 3610 332 3667 sancte
355 3600 459 3666 Mario
488 3603 523 3666 in
545 3600 703 3669 Gottwico
731 3600 852 3666 ordinis
875 3602 978 3667 sancti
1000 3599 1171 3666 Benedicti
1192 3600 1286 3665 Pata

91 3708 214 3771 aiensis
236 3705 374 3771 diocesis
396 3715 473 3771 tunc
494 3708 624 3771 vacanti
647 3704 688 3771 de
710 3726 850 3792 persona
871 3715 928 3772 tua
948 3704 1025 3770 licet
1044 3704 1178 3770 absente
1193 3704 1286 3770 nobis

93 3823 124 3877 et
151 3811 311 3879 fratribus
340 3813 455 3877 nostris
485 3811 527 3877 ob
557 3821 685 3877 tuorum
712 3812 916 3897 exigenoiam
942 3812 1127 3876 meritorum
1149 3819 1287 3895 accepta

93 3915 132 3982 de
163 3917 302 3981 fratrum
332 3915 508 3981 eorundem
535 3914 664 3982 consilio
688 3915 878 3981 duxerimus
899 3917 1090 3982 auctoritate
1113 3913 1287 4001 apostolica

91 4021 333 4107 providendum
355 4019 553 4107 preficiendo
574 4031 608 4087 tc
631 4020 737 4086 eidem
751 4023 945 4087 monasterio
959 4023 993 4086 in
1007 4018 1170 4104 abbatem,
1192 4028 1288 4106 prout

92 4129 123 4192 iu
153 4128 275 4193 nostris
304 4126 381 4191 inde
411 4125 565 4191 confectis
594 4125 708 4191 litteris
730 4124 855 4212 plenius
878 4127 1068 4209 continetur,
1091 4146 1149 4189 uos
1171 4122 1215 4189 ad
1236 4146 1286 4209 ea,

94 4252 157 4319 que
189 4230 233 4297 ad
256 4240 312 4297 tue
335 4230 569 4297 commoditatis
592 4240 800 4317 augmentum
825 4228 943 4295 cedere
965 4228 1105 4312 valeant,
1127 4227 1287 4294 favorabi-

94 4337 166 4403 liter
196 4336 403 4402 intendentes
432 4337 495 4401 tuis
525 4334 811 4423 supplicationibus
840 4334 984 4402 inclinati
1013 4334 1082 4418 tibi,
1111 4343 1148 4399 ut
1169 4356 1190 4399 a
1212 4356 1287 4420 quo·

96 4465 234 4529 cumque
266 4440 418 4507 malueris
447 4440 611 4507 katholico
641 4443 781 4507 antistite
810 4442 955 4527 graciam
977 4448 1011 4504 et
1031 4441 1288 4505 communionem

96 4547 271 4635 apostolice
300 4544 385 4612 sedis
414 4544 565 4630 habente,
596 4568 712 4611 munus
741 4544 975 4610 benedictionis
1003 4545 1150 4629 recipere
1176 4542 1287 4608 valeas

97 4806 163 4863 Μ).
202 4820 253 4877 tp
270 4810 320 4862 aul
335 4810 428 4861 Rasum
449 4837 480 4846 —
498 4810 513 4843 ¹¹
530 4809 586 4859 Das
603 4807 740 4875 Folgeude
757 4822 810 4859 ron
828 4806 942 4859 anderer
958 4806 993 4857 Η.
