3250 5500
335 465 399 532 332

335 658 448 722 officiis
472 657 642 722 ecclesiam
665 657 742 723 dicti
764 659 948 724 monasterii
969 681 1096 725 necnon
1113 662 1248 746 criptam
1271 660 1376 726 eidam
1391 661 1519 728 ecclesie

336 766 530 849 contiguam,
554 785 616 850 que
638 786 697 850 pro
719 766 905 850 receptione
928 765 1104 830 eorundem
1128 766 1413 851 parrochianorum
1440 767 1521 832 suffi-
1623 808 1624 813 κ

336 870 434 953 ciunt,
457 868 662 952 accederent,
686 877 753 932 tam
774 871 917 954 ipsorum
933 869 1164 934 monachorum
1187 893 1283 956 quam
1305 871 1520 958 parrochiano·

334 995 406 1037 rum
430 972 617 1036 stallorum
640 971 759 1037 Christi
782 972 924 1038 fidelium
948 973 1012 1038 illic
1035 974 1263 1040 confluentium
1280 975 1406 1041 devotio
1429 998 1521 1061 quam

335 1075 509 1162 plurimum
533 1075 759 1162 adaugeretur.
792 1077 902 1156 Quare
917 1101 975 1164 pro
991 1088 1081 1163 parte
1098 1077 1257 1145 dictorum
1272 1079 1397 1145 abbatis
1414 1091 1446 1144 et
1456 1103 1522 1144 con·

336 1190 451 1246 ventus
473 1179 566 1247 nobis
588 1181 647 1246 fuit
669 1180 831 1247 humiliter
846 1183 1069 1268 supplicatum,
1092 1194 1128 1248 ut
1149 1185 1237 1270 ipsis,
1261 1207 1301 1248 ne
1323 1185 1463 1270 aliquem
1484 1207 1524 1249 ex

335 1284 501 1350 monachis
515 1285 669 1371 predictis
687 1285 729 1351 ad
744 1285 905 1372 prefatam
920 1287 1156 1373 parrochialem
1172 1288 1344 1354 ecclesiam
1355 1311 1413 1376 pro
1429 1288 1523 1354 verbo

335 1390 495 1456 dominico
518 1391 738 1478 parrochianis
760 1393 838 1477 ipsis
860 1395 892 1456 in
918 1391 1011 1458 dictis
1034 1395 1124 1458 festis
1146 1404 1179 1460 et
1201 1394 1316 1460 diebus
1338 1417 1378 1460 ac
1392 1417 1524 1460 comme-

334 1498 510 1561 moratione
547 1497 696 1561 faciendo
731 1495 905 1584 divinaque
947 1499 1053 1563 officia
1092 1498 1284 1564 celebrando
1327 1502 1453 1564 mittere
1487 1498 1524 1563 de

336 1612 442 1666 cetero
465 1604 529 1666 sint
551 1599 696 1666 adstricti
718 1603 900 1687 prefatique
922 1603 1127 1688 parrochiani
1149 1615 1182 1669 et
1204 1603 1258 1668 alii
1273 1603 1391 1668 Christi
1407 1602 1524 1684 fideles,

336 1707 390 1792 qui
413 1727 511 1771 causa
535 1704 712 1771 devotionis
735 1705 814 1772 inibi
838 1707 1064 1790 confluxerint,
1086 1707 1129 1772 ad
1153 1708 1324 1774 ecclesiam
1346 1710 1526 1774 monasterii

335 1831 462 1874 necnon
485 1812 621 1896 criptam
642 1809 825 1876 huiusmodi
846 1815 878 1876 in
902 1811 995 1876 dictis
1023 1813 1111 1877 festis
1135 1812 1250 1878 diebus
1280 1822 1313 1878 et
1342 1835 1526 1878 commemo

335 1917 457 1980 ratione
474 1915 633 1980 accedero
649 1915 824 2002 divinaque
840 1916 946 1981 officia
960 1939 1088 1982 necnon
1103 1917 1249 1983 divinum
1264 1918 1403 1983 verbum
1418 1917 1526 1983 audire

334 2021 367 2084 in
391 2019 513 2086 eisdem
535 2018 636 2085 libere
659 2029 691 2084 et
712 2021 797 2086 licite
819 2023 942 2106 possint
957 2033 990 2087 et
1004 2022 1144 2107 valeant,
1167 2045 1265 2108 super
1286 2023 1348 2088 hoc
1363 2023 1527 2088 consulere

336 2133 369 2188 ct
408 2132 563 2210 oportune
600 2124 771 2209 providere
805 2125 1022 2211 dignaremur,
1056 2149 1114 2191 nos
1147 2129 1255 2214 itaque
1289 2127 1330 2191 de
1367 2128 1528 2213 promissis

335 2237 457 2293 certam
478 2230 627 2293 noticiam
649 2251 713 2294 non
735 2228 892 2295 habentes
914 2230 1201 2317 supphcstionibus
1215 2229 1398 2297 huiusmodi
1421 2234 1453 2296 in
1468 2231 1527 2295 hac

335 2341 427 2419 parte
450 2332 592 2398 inclinati
615 2336 893 2420 circumspectioni
916 2344 981 2420 tue,
1004 2335 1047 2400 do
1069 2357 1134 2421 qua
1155 2338 1189 2400 in
1211 2335 1272 2400 hiis
1294 2346 1327 2400 et
1353 2335 1426 2400 aliis
1452 2334 1528 2400 fidu-

336 2439 420 2502 ciam
443 2439 584 2524 gerimus
607 2438 792 2525 specialem,
814 2462 875 2525 per
896 2440 958 2505 hec
986 2443 1106 2527 scripta
1129 2442 1354 2505 committimus
1384 2449 1419 2504 et
1446 2460 1529 2504 man-

338 2541 463 2625 damus,
488 2551 645 2629 quatenus
661 2542 702 2608 de
718 2547 882 2629 premissis
896 2553 929 2609 te
943 2545 1097 2610 informas
1112 2556 1144 2609 et
1158 2548 1185 2610 si
1201 2567 1260 2631 per
1274 2546 1530 2609 informationem

337 2645 519 2711 huiusmodi
540 2650 586 2713 ita
608 2669 678 2713 esse
700 2650 872 2733 inveneris,
896 2648 1017 2714 eisdem
1040 2650 1151 2715 abbati
1176 2660 1207 2715 et
1229 2650 1402 2714 conventui
1424 2651 1459 2713 in
1472 2647 1529 2712 hiis
1623 2720 1624 2725 ἵ

337 2754 527 2818 auctoritate
550 2763 658 2818 nostra
680 2754 863 2841 provideas,
887 2767 981 2840 prout
1004 2756 1061 2820 tibi
1083 2755 1247 2821 videbitur
1269 2754 1438 2842 expedire,
1468 2776 1529 2818 non
1623 2783 1624 2790 ¹

337 2854 539 2923 obstantibus
563 2857 702 2944 quadam
733 2858 945 2944 prohibitione
974 2884 1034 2946 per
1061 2870 1165 2925 certos
1194 2863 1375 2925 visitatores
1407 2884 1428 2923 a
1458 2858 1532 2924 sede

338 2962 514 3046 apostolica
536 2965 568 3026 in
591 2960 652 3025 illis
674 2962 819 3047 partibus
843 2964 1013 3047 deputatos
1035 2967 1070 3029 in
1086 2966 1281 3029 contrarium
1303 2965 1390 3029 facta
1407 2987 1448 3029 ac
1463 2986 1531 3027 oon-

337 3065 551 3137 stitutionibus
575 3076 607 3131 et
630 3066 881 3132 ordinationibus
904 3090 944 3133 ac
966 3068 1079 3134 litteris
1095 3069 1287 3155 apostolicis,
1312 3069 1353 3134 de
1368 3068 1488 3155 quibus
1502 3075 1532 3131 et

338 3191 449 3236 eorum
472 3173 545 3236 totis
575 3171 740 3237 tenoribus
771 3172 925 3238 habenda
955 3184 1041 3240 esset
1068 3178 1187 3239 mentio
1218 3174 1375 3261 specialis,
1407 3194 1531 3239 necnon

337 3277 462 3340 statutis
485 3288 516 3341 et
538 3277 824 3343 consuetudinibus
846 3281 945 3365 ipsius
967 3282 1152 3345 monasterii
1175 3280 1217 3344 do
1233 3279 1353 3345 ordinis
1374 3278 1531 3365 predicto

337 3401 409 3443 rum
440 3382 536 3446 etiam
566 3384 745 3447 iuramento
777 3384 1019 3450 confirmatione
1053 3384 1228 3471 apostolica
1258 3384 1311 3449 vol
1340 3402 1531 3469 quacunque
1623 3433 1624 3436 η

336 3483 486 3549 firmitate
501 3486 564 3549 alia
578 3486 735 3551 roboratis
752 3490 932 3574 ceterisque
949 3492 1116 3554 contrariis
1128 3489 1384 3577 quibuscunque¹
1410 3488 1531 3551 Datum

337 3586 463 3652 Basilee
479 3589 553 3654 VII.
566 3590 638 3654 idus
659 3590 726 3656 iulii
749 3614 869 3657 annos
885 3596 1051 3658 nativitate
1067 3594 1186 3660 domini
1202 3593 1368 3658 millesimo
1383 3591 1531 3678 quadrin-

337 3695 513 3775 gentesimo
537 3696 794 3782 quadragesimo

380 3938 483 4009 1258.
1170 3953 1252 4009 1440
1267 3951 1329 4009 Jult
1345 3952 1375 4019 9,
1391 3952 1489 4010 Bosol.

336 4112 408 4179 Dus
430 4115 548 4181 Boslsr
570 4117 678 4183 Concil
707 4118 838 4184 verleiht
868 4120 925 4184 der
954 4121 1090 4201 Kopelle
1117 4142 1191 4186 sam
1219 4122 1290 4188 teil.
1314 4122 1451 4188 Blessius
1480 4140 1530 4184 am

559 4222 662 4287 Fossa
683 4222 737 4289 des
760 4223 1052 4309 Gdttweiperberqes
1073 4228 1165 4291 doen
1186 4226 1311 4292 Abluss.

441 4396 525 4463 copie
542 4399 571 4447 in
589 4397 688 4449 (lodo
706 4400 724 4451 f.
737 4398 807 4452 362'.

441 4500 502 4567 vgl.
521 4502 619 4567 Fuchr,
638 4502 801 4571 Gottwsiger
819 4505 975 4556 Urs-Bam
993 4506 1007 4556 1
1024 4507 1054 4556 in
1071 4506 1149 4557 Font.
1162 4510 1188 4571 2,
1199 4507 1236 4557 LI
1253 4524 1292 4558 nr.
1302 4509 1345 4559 30.

441 4640 656 4707 Sacrosancta
678 4643 838 4727 generahs
859 4644 1004 4732 synodus
1024 4646 1208 4711 Basilicnsis
1229 4649 1261 4710 in
1284 4649 1396 4732 spiritu
1418 4657 1528 4714 sancto

337 4743 491 4830 legittime
504 4756 699 4831 congregata
714 4747 929 4813 universalem
946 4750 1116 4815 ecclesiam
1132 4760 1357 4836 representans
1372 4753 1528 4817 universis
