3250 5500
1252 493 1317 559 sto

119 686 255 771 imperio
278 687 466 766 constitutis,
490 687 640 770 quatinus
662 691 784 749 extunc
806 686 948 771 ipsorum
979 692 1097 749 statuta
1128 694 1160 750 et
1192 685 1315 749 ordina-

119 792 233 874 tiones,
257 792 341 855 sicut
362 792 394 854 in
418 788 631 876 preiudicium
654 789 873 854 ecclesiastice
896 788 1052 855 libertatis
1068 788 1155 855 edita
1176 789 1314 875 fuerant,

120 896 250 959 omnino
272 904 466 959 revocarent
487 905 520 959 et
542 893 584 958 de
606 894 679 959 luce
705 893 853 959 tollerent
881 892 1032 980 quodque
1063 892 1243 959 secundum
1276 917 1316 959 ea

118 1021 183 1063 non
206 998 390 1065 iudicarent
410 997 548 1085 amplius
570 1021 632 1065 nec
654 1002 832 1064 sententias
860 998 1021 1063 dictarent
1043 1008 1100 1063 aut
1130 997 1253 1064 eisdem
1283 1002 1314 1063 in

121 1102 242 1167 iudicio
265 1103 319 1168 vel
341 1113 435 1168 extra
449 1103 603 1169 iudicium
619 1103 859 1190 quomodolibet
872 1126 930 1190 pro
946 1125 981 1168 se
997 1113 1028 1168 et
1044 1114 1156 1169 contra
1178 1102 1315 1168 eandem

118 1207 373 1273 eeclesiasticam
385 1207 567 1273 libertatem
577 1211 763 1294 potirentur.
779 1208 1004 1273 Pronuntiavit
1014 1210 1146 1294 insuper
1155 1218 1188 1272 et
1200 1208 1315 1274 eadem

118 1311 268 1377 decrevit
289 1315 488 1397 auctoritate,
512 1312 599 1398 quod
621 1314 807 1398 quicunque
837 1312 937 1376 laicus
964 1314 1186 1398 cuiuscunque
1214 1322 1315 1378 status

118 1428 175 1481 aut
205 1415 397 1482 conditionis
424 1419 586 1499 existeret,
616 1439 697 1481 ausu
724 1416 882 1502 sacrilego
909 1426 942 1481 et
971 1418 1098 1502 proprie
1128 1420 1315 1482 temeritatis

117 1519 259 1585 audacia
281 1520 484 1586 sacerdotem
507 1521 561 1585 vel
584 1522 738 1586 clericum
752 1522 933 1586 secularem
955 1520 1009 1585 vel
1025 1520 1209 1607 religiosum
1232 1521 1314 1585 diffi-

118 1625 217 1689 daret
237 1625 455 1711 proscriberet
469 1627 649 1712 captivaret
670 1626 821 1712 spoliaret
844 1624 1007 1691 occideret
1021 1626 1183 1692 mutilaret
1204 1635 1260 1691 aut
1281 1629 1314 1691 in

117 1751 253 1795 carcere
276 1730 437 1795 detineret
457 1730 511 1795 vel
533 1730 716 1795 huiusmodi
738 1730 900 1795 maleficia
922 1739 1145 1816 perpetrantes
1174 1733 1314 1796 scienter

117 1844 303 1919 receptaret
325 1834 378 1899 vel
400 1837 446 1899 eis
467 1835 615 1900 favorem
637 1844 805 1921 prestaret,
829 1844 938 1920 preter
952 1856 1054 1921 penas
1069 1858 1089 1899 a
1105 1838 1204 1900 sacris
1220 1857 1314 1900 cano-

118 1938 216 2003 nibus
232 1951 265 2004 et
278 1938 437 2024 legalibus
452 1939 672 2005 sanctionibus
687 1942 720 2004 in
735 1937 816 2004 tales
832 1938 969 2003 inflictas
986 1961 1024 2003 eo
1039 1941 1108 2025 ipso
1123 1939 1315 2005 redderetur

118 2043 249 2107 infamis
285 2053 319 2107 et
349 2046 433 2108 omni
465 2044 587 2109 honore
619 2046 763 2129 privatus
796 2064 858 2109 nec
888 2044 931 2109 ad
961 2044 1079 2130 placita
1103 2043 1157 2108 vel
1186 2043 1316 2109 consilia

117 2146 274 2212 nobilium
297 2147 521 2213 admitteretur
542 2151 656 2235 quovis
678 2148 773 2213 modo
795 2148 927 2213 hortans
942 2151 1075 2235 insuper
1089 2150 1122 2212 in
1138 2148 1267 2213 domino
1283 2156 1316 2213 et

118 2254 289 2337 requirens
312 2253 546 2318 ecclesiasticos
568 2253 708 2339 prelatos
728 2255 762 2318 in
784 2253 844 2318 illis
860 2252 1015 2339 partibus,
1038 2253 1071 2317 iu
1094 2252 1210 2339 quibus
1234 2274 1316 2318 com·

117 2358 321 2420 mitterentur
353 2356 441 2441 talia,
471 2359 668 2442 constitutos,
700 2367 736 2421 ut
767 2356 874 2443 legem
904 2356 1103 2443 imperialem
1133 2355 1315 2422 huiusmodi

117 2482 178 2545 per
200 2483 313 2524 eorum
336 2460 491 2527 ecclesias
522 2471 554 2526 et
576 2461 717 2548 synodos
747 2460 959 2548 publicarent,
990 2482 1031 2525 ne
1061 2470 1316 2545 transgressores

116 2564 302 2629 huiusmodi
336 2587 396 2650 per
425 2565 607 2631 simulatam
640 2568 853 2651 ignorantiam
887 2586 979 2631 suam
1008 2564 1154 2631 valerent
1187 2568 1219 2630 in
1253 2564 1316 2629 hae

115 2679 211 2756 parte
234 2668 387 2735 malitiam
403 2691 571 2753 excusare,
596 2679 690 2757 prout
704 2672 738 2735 in
753 2668 1032 2735 constitutionibus
1047 2679 1079 2734 et
1094 2668 1313 2734 sanctionibus

116 2774 329 2840 conciliorum
351 2784 384 2840 et
408 2777 540 2841 llonorii
562 2774 783 2862 predictorum
805 2798 845 2840 ac
867 2774 1087 2861 imperialibus
1103 2774 1236 2860 prefatis
1250 2774 1315 2861 ple-

115 2883 190 2943 nius
214 2882 406 2944 continetur.
451 2879 534 2946 Oum
556 2889 664 2946 autam
687 2883 769 2945 siout
795 2878 993 2944 lamentabili
1025 2879 1157 2965 querela
1187 2877 1316 2943 dilecto-

114 3005 189 3048 rum
212 2983 350 3048 ecclesie
374 2983 511 3049 filiorum
533 3035 540 3047 .
566 3035 573 3048 .
597 2982 727 3049 abbatis
750 2994 783 3049 et
804 2992 984 3049 conventus
1012 2985 1197 3049 monasterii
1218 2981 1314 3048 beate

114 3088 223 3152 Maria
247 3085 455 3154 Cotwiceusis
478 3087 599 3153 ordinis
629 3091 734 3153 sancti
756 3088 926 3153 Benedicti
948 3088 1149 3153 Pataviensis
1178 3086 1315 3151 diocesis

113 3215 224 3278 nuper
245 3195 441 3278 accepimus,
464 3192 610 3258 nonnulli
632 3195 795 3280 principes
819 3192 919 3258 duces
951 3195 1082 3257 comites
1113 3192 1251 3257 barones
1283 3201 1316 3256 et

114 3297 180 3362 alie
202 3297 367 3363 seculares
389 3307 564 3384 potestates
580 3297 757 3363 earundem
773 3300 1035 3364 constitutionum
1058 3306 1089 3362 et
1112 3297 1313 3362 sanctionum

114 3405 349 3467 canonicarum
371 3413 404 3469 et
427 3402 577 3487 legalium
599 3403 707 3468 forsan
730 3404 835 3488 ignari
859 3412 972 3468 contra
1002 3405 1088 3488 ipsas
1120 3401 1161 3466 ab
1193 3400 1313 3467 abbate

114 3517 149 3571 et
173 3516 335 3572 conventu
358 3507 512 3593 predictis
535 3509 746 3572 communiter
775 3506 829 3571 vel
853 3506 979 3572 divisim
1008 3507 1117 3571 forsan
1147 3505 1251 3571 tallias
1283 3515 1316 3570 et

113 3610 265 3696 gabellas
286 3635 327 3676 ac
341 3611 421 3677 alias
437 3614 623 3677 exactiones
638 3611 762 3676 illicitas
778 3610 935 3676 hactenus
951 3611 1145 3676 extorserint
1160 3621 1192 3676 et
1207 3609 1315 3675 adhuc

114 3726 314 3801 extorquere
335 3717 479 3781 nitantur
493 3739 533 3781 ac
556 3719 653 3781 etiam
668 3715 755 3780 bona
770 3714 898 3780 abbatis
914 3724 947 3779 et
962 3725 1140 3780 conventus
1157 3715 1314 3801 predicto-

112 3843 190 3885 rum
219 3820 398 3885 invaserint
426 3823 659 3886 arrestaverint
687 3822 919 3906 occupaverint
953 3820 1150 3885 detinuerint
1183 3829 1216 3883 et
1249 3821 1314 3883 suis

112 3924 231 3990 usibus
250 3924 486 4011 applicaverint
499 3947 625 3990 necnon
641 3946 802 4011 occupare
818 3923 974 3989 invadere
994 3933 1154 3988 arrestare
1171 3923 1314 3989 detincre

113 4039 149 4094 et
172 4028 296 4095 eisdem
318 4031 384 4095 suis
407 4030 519 4095 usibus
541 4029 707 4117 applicare
730 4029 875 4094 similiter
898 4028 940 4093 de
962 4029 1047 4094 facto
1070 4038 1259 4115 presumant
1281 4031 1314 4092 in

112 4137 298 4208 animarum
320 4157 452 4200 suarum
474 4133 655 4221 periculum
677 4155 803 4198 necnon
827 4133 954 4198 abbatis
978 4142 1009 4197 et
1039 4141 1217 4198 conventus
1244 4154 1315 4219 pre·

112 4239 277 4304 dictorum
298 4261 365 4303 non
386 4238 549 4304 modicum
571 4238 785 4325 preiudicium
807 4247 904 4323 atque
929 4237 1093 4320 damnum,
1122 4259 1180 4302 nos
1203 4236 1313 4301 abbati

111 4354 146 4409 et
172 4345 346 4409 conventui
366 4342 521 4429 predictis
544 4345 577 4407 in
606 4345 772 4428 premissis
794 4351 951 4429 oportune
975 4341 1147 4429 providere
1169 4340 1314 4406 volentes

112 4447 303 4513 discretioni
325 4456 432 4513 vestre
455 4470 514 4533 per
536 4447 598 4512 heo
621 4456 731 4512 nostra
753 4449 874 4534 scripta
895 4449 929 4512 in
951 4449 1068 4512 virtute
1099 4457 1209 4512 sancte
1239 4444 1312 4510 obe-

110 4553 235 4617 dientie
266 4550 408 4618 districte
440 4551 649 4638 precipiendo
679 4551 883 4635 mandamus,
907 4554 1056 4637 quatinus
1086 4572 1144 4614 vos
1167 4549 1220 4614 vel
1250 4547 1313 4613 duo

109 4667 170 4722 aut
192 4678 278 4722 unus
300 4665 445 4722 vestrum
467 4678 527 4742 per
550 4679 607 4721 vos
630 4655 684 4722 vel
713 4656 812 4721 alium
842 4679 901 4721 seu
930 4655 1008 4720 alios
1039 4653 1148 4720 abbati
1179 4662 1211 4718 et
1241 4675 1314 4717 con.

109 4764 225 4828 ventui
248 4760 401 4846 predictis
424 4770 536 4825 eontra
558 4782 769 4846 quoscunque
797 4771 1051 4846 transgressores
1080 4768 1112 4824 et
1142 4757 1313 4823 violatores

1108 4865 1157 4913 18*
