3250 5500
1235 459 1299 524 273

103 674 298 742 quecunque
320 653 383 719 alie
405 673 542 741 persone
565 660 677 718 contra
699 650 880 719 libertatem
904 648 1040 716 ecclesie
1064 651 1117 717 vel
1145 673 1300 737 personas

102 758 341 823 ecclesiasticas
371 758 552 823 huiusmodi
582 757 681 823 edere
710 768 766 822 aut
797 778 930 821 servare
959 766 1154 843 temptarent
1188 765 1300 820 contra

103 865 278 928 canonicas
310 862 362 927 vel
391 861 573 949 imperiales
606 864 787 927 sanctiones
822 859 864 925 de
895 862 1038 947 ipsorum
1069 860 1300 948 capitularibus

103 969 189 1033 infra
212 968 293 1033 duos
316 988 443 1032 menses
465 976 538 1054 post
552 969 651 1052 ipsius
666 966 746 1051 legis
762 966 1013 1052 publicationem
1027 968 1155 1050 penitus
1178 965 1302 1030 aboleri

103 1072 253 1137 lacerent
275 1081 308 1137 et
329 1074 356 1136 si
379 1071 420 1136 de
441 1080 548 1136 cetero
563 1070 640 1135 talia
654 1079 893 1156 attemptarent,
910 1069 964 1133 illa
979 1071 1047 1155 ipso
1069 1072 1139 1134 iure
1156 1069 1303 1135 decrevit

104 1200 178 1243 csse
202 1176 290 1241 nulla
313 1185 346 1240 et
367 1198 422 1241 eos
445 1197 504 1239 sua
526 1172 745 1240 iurisdictione
768 1177 911 1259 privatos
942 1196 1069 1238 necnon
1098 1173 1215 1259 locum,
1246 1176 1302 1239 ubi

104 1282 184 1347 talia
209 1280 363 1367 deinceps
385 1289 575 1366 presumpta
597 1280 741 1362 fuissent,
765 1278 872 1343 banno
895 1278 981 1343 mille
1005 1278 1210 1344 marcharum
1232 1281 1304 1343 auri

106 1388 188 1451 fisco
220 1385 377 1472 imperiali
407 1394 599 1471 preceperat
631 1383 810 1466 subiacere,
845 1392 1019 1469 potestates
1049 1406 1126 1448 vero
1157 1384 1304 1450 consules

106 1492 267 1555 statutarii
297 1492 470 1575 scriptores
500 1498 691 1553 statutorum
720 1487 939 1573 predictorum
974 1510 1099 1553 necnon
1134 1489 1304 1555 consiliarii

104 1594 251 1659 locorum
273 1596 425 1680 ipsorum,
449 1596 504 1680 qui
526 1592 706 1658 seeundum
728 1602 848 1657 statuta
871 1601 903 1656 ct
932 1591 1180 1658 eonsuetudines
1207 1617 1305 1659 mem·

106 1707 234 1764 morata
264 1698 455 1783 iudicarent,
489 1707 611 1763 extunc
641 1706 749 1761 essent
781 1697 850 1783 ipso
885 1698 954 1761 iure
987 1696 1134 1782 infames,
1169 1721 1305 1785 quorum

107 1806 286 1869 sententias
317 1813 349 1867 et
379 1814 471 1868 actus
504 1802 664 1887 legitimos
697 1809 855 1866 statuerat
884 1800 1065 1886 aliqualiter
1098 1825 1160 1867 non
1193 1812 1305 1869 tenere

108 1908 262 1995 quodque
286 1910 312 1971 si
334 1929 394 1994 per
415 1930 537 1973 annum
558 1907 756 1993 prefatorum
772 1908 1033 1971 constitutionum
1055 1909 1177 1972 inventi
1201 1907 1306 1973 forent

108 2022 358 2099 contemptores,
381 2012 468 2076 bona
491 2033 602 2076 eorum
624 2033 683 2096 per
704 2019 807 2075 totum
829 2032 923 2075 suum
945 2013 1116 2097 imperium
1138 2011 1306 2077 mandavit

110 2119 247 2203 impune
280 2115 324 2181 ab
354 2115 504 2180 omnibus
538 2117 690 2202 occupari
723 2114 822 2179 salvis
855 2114 1079 2179 nichilominus
1113 2113 1183 2180 aliis
1216 2119 1307 2201 penis

109 2230 225 2287 cenna
247 2220 328 2285 tales
351 2223 383 2285 in
407 2220 529 2285 eisdem
551 2217 757 2305 generalibus
781 2219 923 2283 conciliis
946 2218 1166 2305 promulgatis.
1198 2222 1241 2285 Et
1263 2223 1306 2287 in-

109 2349 211 2413 super
232 2325 333 2390 voluit
354 2324 441 2389 idem
463 2333 541 2390 tunc
571 2326 754 2410 imperator,
786 2323 873 2409 quod
903 2323 992 2389 nulla
1022 2327 1232 2390 communitas
1255 2324 1309 2390 vel

108 2452 250 2517 persona
272 2428 402 2516 publica
425 2450 483 2492 seu
513 2430 641 2515 privata
670 2426 822 2493 collectas
853 2430 1041 2493 exactiones
1073 2431 1225 2514 angarias
1255 2429 1309 2494 vel

109 2536 323 2621 perengarius
347 2531 492 2597 ecelesiis
515 2532 568 2597 vel
583 2533 653 2597 aliis
672 2534 734 2619 piis
748 2532 827 2596 locis
843 2541 898 2597 aut
913 2530 1139 2598 ecelesiasticis
1162 2536 1308 2619 personis

109 2638 298 2704 huiusmodi
320 2639 485 2723 imponere
509 2658 567 2701 seu
582 2636 738 2701 invadere
753 2636 974 2701 ecclesiastica
996 2635 1082 2702 bona
1096 2647 1307 2723 presumeret,

110 2743 200 2831 quod
224 2745 251 2808 si
273 2765 368 2808 secus
390 2742 514 2808 faceret
535 2751 568 2807 et
590 2742 743 2829 requisita
758 2739 801 2805 ab
819 2739 957 2806 ecclesia
971 2740 1025 2806 vel
1047 2744 1179 2828 imperio
1202 2741 1309 2808 huius·

109 2850 200 2914 modi
234 2848 408 2914 emendare
439 2857 667 2931 contemneret,
696 2846 863 2933 tripliciter
892 2845 1081 2912 refunderet
1117 2859 1150 2913 et
1181 2848 1309 2912 nichilo·

107 2957 217 3019 minus
233 2953 341 3018 banno
364 2952 521 3039 imperiali
543 2953 735 3035 subiaceret,
760 2951 846 3037 quod
866 2952 934 3015 sine
959 2951 1176 3017 satisfactione
1199 2951 1310 3019 debita

107 3057 295 3123 nullatenus
314 3059 540 3122 remitteretur.
572 3054 735 3120 Statuerat
750 3057 892 3142 insuper,
915 3054 1000 3141 quod
1018 3077 1209 3142 quecunque
1225 3079 1308 3121 com-

108 3165 252 3228 munitas
276 3161 329 3227 vel
350 3183 490 3247 persona
511 3183 571 3246 per
602 3183 723 3225 annum
752 3161 785 3225 iu
816 3162 1149 3225 excommunicatione
1179 3172 1311 3247 propter

108 3267 296 3332 libertatem
319 3265 456 3330 ecclesie
478 3265 630 3330 violatam
652 3267 850 3351 persisteret,
874 3266 943 3351 ipso
966 3267 1035 3328 iure
1059 3265 1203 3330 similiter
1224 3265 1310 3330 dicto

110 3371 223 3436 banno
245 3368 405 3456 imperiali
427 3368 620 3450 subiaceret,
644 3392 664 3434 a
687 3391 750 3456 qno
780 3367 964 3434 nullatenus
995 3369 1220 3435 extraheretur
1250 3373 1311 3435 nisi

111 3478 206 3562 prius
240 3474 283 3539 ab
319 3474 457 3540 ecclesia
491 3474 642 3540 benefitio
677 3474 886 3540 absolutionis
920 3472 1059 3541 obtento.
1105 3474 1148 3538 Et
1180 3477 1312 3560 insuper

109 3579 334 3664 ordinaverat,
371 3589 407 3645 ut
443 3578 550 3644 nullus
588 3579 842 3644 ecelesiasticam
879 3600 1051 3664 personam
1088 3580 1121 3643 in
1155 3578 1313 3645 criminali

111 3687 285 3774 questione
314 3683 368 3749 vel
403 3685 488 3749 civili
520 3684 564 3749 ad
590 3683 745 3749 iudicium
776 3682 922 3748 seculare
950 3683 1080 3749 trahere
1113 3694 1315 3770 presumeret

111 3799 231 3856 contra
252 3788 386 3854 easdem
409 3791 582 3855 canonicas
597 3790 779 3854 sanctiones
802 3798 836 3854 et
857 3791 1097 3854 constitutiones
1120 3789 1312 3874 imperiales,

111 3894 204 3983 quod
233 3894 260 3958 si
283 3915 377 3958 secus
408 3892 540 3977 faceret,
570 3902 661 3958 actor
683 3916 703 3958 a
726 3915 784 3958 suo
813 3895 883 3958 iure
914 3893 1047 3958 caderet
1076 3903 1108 3958 et
1137 3894 1314 3959 iudicatum

111 4022 180 4064 non
204 4007 330 4063 teneret
351 4010 384 4063 et
405 3997 508 4062 iudex
529 3997 613 4064 foret
627 4008 748 4063 extunc
764 3996 930 4062 iudicandi
953 4000 1142 4063 auctoritate
1166 4000 1312 4084 privatus

112 4102 272 4192 quodque
287 4102 411 4168 iudices
426 4104 630 4189 temporales,
654 4105 709 4189 qui
732 4103 857 4168 clericis
881 4112 913 4167 et
928 4105 1072 4189 personis
1088 4102 1315 4168 ecclesiasticis

111 4210 272 4275 iustitiam
295 4207 460 4294 denegare
483 4217 718 4294 presumerent,
749 4210 843 4273 tertio
874 4209 1017 4293 requisiti
1049 4230 1141 4273 suam
1171 4208 1314 4274 iurisdic·

112 4318 238 4380 tionem
254 4315 447 4398 amitterent,
465 4315 723 4379 constitutionem
737 4313 842 4399 ipsam
865 4312 906 4377 de
921 4312 1050 4377 consilio
1067 4315 1163 4379 etiam
1180 4313 1315 4378 fratrum

113 4441 260 4502 suornm,
277 4426 388 4482 sancte
403 4417 549 4483 Romane
572 4416 708 4481 ecclesie
724 4414 944 4501 cardinalium,
961 4419 1016 4503 qui
1031 4427 1108 4482 tnnc
1125 4427 1226 4500 erant,
1242 4438 1314 4481 auc-

113 4525 247 4590 toritate
269 4521 445 4609 apostolica
468 4519 652 4607 approbans
674 4530 708 4586 ct
730 4521 924 4586 confirmans
951 4523 1056 4608 ipsam
1078 4521 1244 4588 mandavit
1272 4523 1315 4585 in-

115 4626 313 4694 violabiliter
327 4625 495 4691 observari
510 4648 637 4691 necnon
652 4627 836 4690 statutarios
853 4635 885 4690 et
899 4629 1071 4712 scriptores
1092 4649 1131 4690 ac
1147 4624 1317 4690 violatores

116 4733 285 4821 predictos
309 4734 606 4796 excommunicatos
630 4730 746 4796 eadem
769 4733 946 4796 auctoritas
968 4733 1117 4796 nuntiari.
1142 4731 1184 4794 Et
1200 4729 1318 4795 deinde

172 4845 282 4886 ronta..
302 4843 331 4884 11.
343 4843 407 4884 rari.
427 4843 522 4884 anun.
1131 4839 1162 4885 18
