3250 5500
1269 517 1331 580 339

136 706 294 774 donamus
309 710 363 790 ita,
381 757 778 774 .............
803 706 948 790 [ea]dem
962 728 1096 790 summa,
1113 728 1179 792 qua
1194 717 1334 773 castrum

134 811 316 899 predictum
339 821 403 876 stat
425 821 457 876 et
479 821 563 876 stare
588 809 719 876 debebit
741 810 929 897 obligatum,
946 810 989 875 ad
1005 814 1224 899 septingentas
1242 835 1333 877 sexa·

134 939 236 1002 genas
266 939 450 1002 grossorum
471 917 685 1002 Pragensium
715 938 750 979 se
782 915 937 982 extendit.
983 915 1080 982 Unde
1110 938 1169 981 nos
1199 917 1332 1003 singulis

134 1021 348 1107 predictis..
376 1070 611 1088 ..........
636 1018 874 1104 [consi]deratis
903 1022 1161 1106 prenominatum
1191 1031 1333 1087 castrum

133 1126 259 1191 Blansk
282 1148 357 1191 cum
379 1127 491 1212 viginti
515 1135 651 1211 quatuor
673 1126 790 1189 marcis
818 1147 1002 1209 grossorum
1030 1146 1146 1190 census
1168 1128 1267 1191 annui
1299 1129 1331 1191 in

134 1228 285 1295 theloneo
307 1231 468 1295 Brunensi
491 1251 618 1294 necnon
640 1237 672 1293 et
695 1251 769 1294 cum
791 1229 874 1293 villis
897 1229 1051 1315 predictis
1077 1253 1117 1295 ac
1139 1252 1200 1316 per
1223 1283 1230 1296 .
1255 1281 1262 1295 .
1288 1283 1294 1295 .
1323 1283 1330 1295 .

135 1383 763 1400 ....................
787 1333 933 1419 predicto
956 1335 1110 1399 Benessio
1137 1357 1178 1399 ac
1206 1358 1331 1400 succes·

134 1439 262 1504 acribus
285 1440 385 1525 ipsius
409 1437 621 1523 obligavimus
645 1447 676 1502 et
698 1437 878 1522 obligamus
899 1460 959 1525 per
982 1449 1148 1525 presentes
1177 1440 1237 1503 sub
1261 1463 1333 1504 cou-

135 1543 318 1609 dicicnibus
341 1543 552 1629 infrascriptis
575 1540 737 1626 videlicet,
761 1541 847 1628 quod
869 1544 938 1628 ipse
953 1544 1127 1609 Benessius
1150 1566 1208 1609 seu
1231 1547 1332 1630 ipsius

135 1695 832 1713 ......................
857 1656 999 1712 cestrum
1021 1647 1147 1713 Blansk
1170 1671 1244 1713 cum
1267 1671 1330 1713 om·

132 1753 228 1818 nibus
258 1762 291 1818 et
317 1749 448 1835 singulis
478 1750 669 1837 supradictis
700 1750 798 1815 debet
834 1761 945 1816 tenere
975 1752 1084 1816 utifrui
1115 1762 1147 1817 et
1168 1752 1334 1839 possidere

132 1859 250 1922 nostris
273 1866 305 1922 et
320 1878 541 1922 successorum
557 1864 739 1920 nostrorum
755 1858 978 1941 episcoporum
995 1855 1260 1922 Olomucensium
1277 1859 1334 1921 im-

133 1961 325 2048 pedimentis
351 2007 1174 2026 ..........................
1192 1962 1333 2047 [pro]cul

133 2068 236 2131 motis.
283 2066 321 2130 In
345 2086 423 2129 casu
445 2087 533 2149 vero,
558 2087 620 2150 quo
644 2064 750 2128 eidem
774 2065 928 2129 Benessio
954 2068 989 2128 in
1016 2064 1198 2130 huiusmodi
1220 2067 1334 2151 viginti

133 2179 272 2256 quatuor
304 2171 422 2234 marcis
455 2191 645 2254 grossorum
678 2170 711 2231 in
743 2166 890 2232 theloneo
924 2169 1086 2233 Brunensi
1123 2169 1242 2255 aliquid
1281 2169 1334 2234 de·

132 2277 265 2360 periret,
289 2273 367 2338 illud
398 2294 457 2358 per
488 2275 595 2338 omnia
625 2271 665 2336 de
693 2271 841 2336 theloneo
864 2273 1075 2356 [Brunnensi]
1107 2273 1205 2338 debet
1234 2274 1334 2339 adim-

131 2379 225 2465 pleri,
248 2400 307 2464 pro
331 2399 394 2464 quo
410 2380 513 2442 eciam
529 2377 616 2441 idem
632 2377 807 2442 Benessius
824 2376 982 2442 duntaxat
997 2378 1039 2442 ad
1055 2376 1198 2444 valorem
1218 2381 1333 2444 retenti

134 2483 281 2547 homines
303 2483 337 2547 in
359 2483 513 2568 Wyssaw
535 2484 652 2567 poterit
678 2483 903 2567 impignorare,
935 2481 1013 2546 dum
1044 2505 1123 2546 vero
1153 2482 1246 2548 nobis
1276 2506 1333 2548 seu

130 2586 402 2670 [successoribus]
426 2588 541 2651 uostris
565 2587 723 2673 episcopis
746 2583 1018 2651 Olomucensibus
1041 2587 1178 2653 facultas
1202 2588 1335 2654 adesset

131 2701 166 2757 et
187 2693 292 2779 ipsum
316 2700 458 2757 castrum
480 2691 605 2757 Blansk
629 2713 703 2756 cum
733 2692 846 2777 viginti
863 2701 999 2777 quatuor
1021 2693 1137 2757 marcis
1151 2714 1335 2777 grossorum

129 2800 165 2862 in
188 2796 337 2862 theloneo
360 2798 522 2862 Brunensi
545 2818 590 2861 ac
614 2818 688 2861 cum
710 2796 801 2861 bonis
825 2806 858 2861 et
879 2796 971 2861 vallis
993 2800 1140 2881 superius
1164 2849 1334 2864 ......

132 2952 469 2968 ...........
493 2901 586 2966 simul
610 2910 643 2967 ct
665 2924 729 2967 non
758 2923 819 2987 per
848 2910 957 2987 partes
989 2901 1109 2967 debent
1139 2902 1269 2968 liberari
1303 2914 1335 2968 et

131 3007 257 3090 exolvi,
288 3005 448 3072 redimere
479 3006 649 3091 vellemus,
685 3028 729 3070 ex
758 3015 837 3070 tunc
870 3014 1016 3071 nostram
1046 3006 1243 3072 voluntatem
1274 3010 1335 3094 ipsi

128 3112 288 3176 Benessio
311 3132 369 3175 seu
391 3110 631 3175 successoribus
653 3112 753 3196 ipsius
776 3131 841 3175 uno
856 3131 941 3174 anno
964 3158 1333 3177 ............

130 3291 138 3304 ,
166 3275 173 3288 .
198 3274 206 3289 .
231 3274 239 3288 .
266 3274 272 3287 .
296 3226 503 3311 preintimare
526 3235 559 3289 et
587 3224 665 3288 dare
696 3225 779 3288 scire
808 3226 943 3310 ipseque
971 3224 1146 3288 Benessius
1177 3246 1235 3289 seu
1266 3247 1334 3289 suc·

130 3349 278 3393 cessores
302 3331 351 3393 sui
373 3338 506 3415 recepta
528 3353 548 3393 s
570 3327 662 3393 nobis
686 3349 745 3392 seu
769 3330 885 3393 nostris
909 3328 1148 3393 successoribus
1177 3331 1334 3414 prenomi-

131 3443 211 3497 nata
234 3455 360 3498 summa
383 3435 659 3519 septingentarum
682 3434 936 3518 [sexagenorum
959 3433 1158 3520 g]rossorum
1181 3432 1223 3497 de
1247 3433 1332 3498 dicto
1363 3449 1368 3459 '

132 3548 241 3603 castro
264 3536 390 3603 Blansk
413 3548 446 3603 et
468 3559 568 3602 censu
591 3539 704 3623 viginti
721 3546 858 3623 quatuor
872 3560 1056 3603 marcarum
1071 3540 1284 3624 g[rossorum]
1300 3542 1333 3603 in

129 3641 283 3707 theloneo
315 3642 475 3707 Brunensi
505 3664 570 3707 uua
604 3664 677 3706 cum
712 3644 942 3727 prenominatis
975 3642 1077 3707 tribus
1106 3642 1189 3708 villis
1219 3642 1334 3727 Gedle,

128 3745 1335 3833 Sscbrow...................rumpertinentibus

128 3849 257 3937 absque
281 3852 526 3938 computsoione
550 3850 683 3915 alicuius
707 3851 818 3916 damni
841 3874 899 3916 seu
922 3850 1040 3916 edificii
1060 3852 1161 3916 libere
1177 3854 1246 3917 sine
1262 3875 1333 3917 con-

127 3954 334 4020 tradiccione
368 3964 401 4019 et
429 3976 520 4020 mora
550 3954 642 4021 nobis
673 3977 731 4021 scu
761 3958 877 4021 nostris
908 3955 1146 4021 successoribus
1178 3959 1336 4043 episcopis

128 4059 412 4124 condescenderet
435 4110 931 4127 ................
955 4085 991 4126 re
1015 4061 1182 4127 debebunt
1201 4065 1334 4149 ipseque

127 4166 306 4231 Benessius
340 4186 397 4231 seu
431 4187 634 4231 successores
668 4168 767 4252 ipsius
800 4168 833 4231 in
871 4166 926 4231 tali
960 4166 1184 4232 condescensu
1220 4167 1334 4232 decem

126 4280 289 4335 mottones
312 4267 401 4333 bladi
425 4271 527 4335 scussi
549 4269 671 4335 ibidem
692 4272 725 4334 in
757 4279 861 4335 castro
891 4271 1074 4357 relinquere
1106 4271 1227 4337 debent
1256 4274 1334 4336 resi-

127 4425 136 4439 .
166 4424 568 4439 .............
593 4374 720 4457 [b]lads
741 4384 869 4460 segetes
885 4385 918 4441 et
931 4386 1079 4442 armenta
1094 4377 1136 4442 ad
1152 4375 1333 4462 predictum

126 4479 325 4543 Benessium
348 4500 405 4543 seu
428 4500 632 4544 successores
655 4480 754 4565 ipsius
775 4482 940 4565 pertinere
970 4480 1147 4546 debebunt.
1193 4480 1227 4545 Si
1254 4500 1333 4544 vero

127 4582 244 4668 aliqua
268 4584 361 4647 ruina
383 4585 416 4647 iu
437 4586 538 4648 muris
553 4584 607 4648 vel
622 4586 655 4649 in
676 4587 769 4651 tectis
792 4585 975 4671 predictum
999 4636 1332 4651 ...........

127 4739 136 4753 .
166 4737 173 4750 .
198 4738 206 4751 .
232 4738 238 4751 .
266 4738 273 4752 .
300 4738 306 4751 .
331 4696 389 4768 ret,
413 4687 499 4753 idem
521 4689 695 4753 Benessius
724 4688 824 4754 debet
852 4689 974 4755 habere
1004 4712 1171 4755 recursum
1201 4688 1245 4755 ad
1276 4710 1334 4753 nos

123 4813 187 4856 seu
212 4800 337 4855 nostros
360 4812 562 4857 successores
579 4794 747 4880 episcopos
763 4792 1006 4877 Olomucenses,
1031 4796 1085 4880 qui
1107 4815 1166 4879 pro
1189 4804 1333 4880 tempore

1129 4899 1181 4951 22*
