3250 5500
1225 478 1285 542 171

91 663 233 761 ,111111υο
263 686 351 750 papa
380 666 491 751 quinto
521 688 692 733 concessae
722 666 902 733 venerabiIi
932 670 1010 753 viro,
1039 669 1168 737 domino
1190 671 1286 737 Petro

98 766 204 832 abbati
234 770 419 835 monasterii
443 770 654 837 (lotwicenaia
685 770 729 838 ad
751 771 962 839 collacionem
985 774 1131 839 eiusdem
1153 798 1192 839 ac
1216 797 1287 841 con·

6 956 8 963 Ι
98 874 250 939 rentumd
280 874 485 960 presentibus
514 875 636 941 ibidem
666 875 907 943 honorabilibus
937 880 1024 961 viria,
1048 878 1185 945 dominis
1207 881 1286 945 Leo·

97 979 197 1045 nardo
224 982 258 1045 in
281 980 437 1067 Moaprun
466 990 499 1046 et
519 982 654 1047 Nicolao
676 981 813 1048 Pleukel
836 984 869 1048 in
891 984 1287 1071 Hauezenporig1eoele-

97 1085 214 1149 simum
237 1084 488 1171 parrochialium
508 1087 698 1171 rectoribus,
722 1088 856 1153 metibus
879 1097 939 1153 etc.

196 1280 278 1331 Notiz
295 1282 324 1331 in
342 1280 405 1331 cod.
418 1281 444 1331 D
462 1281 512 1331 aui
527 1282 592 1347 Pap.
605 1281 630 1332 d.
644 1282 671 1332 k.
683 1282 710 1334 k.
723 1282 884 1334 Stactaarcb.
898 1284 926 1333 in
940 1284 1028 1345 wien,
1047 1284 1064 1333 f.
1080 1286 1128 1334 loe
1152 1281 1286 1351 (irrthilm

95 1368 144 1417 liob
162 1369 193 1418 in
213 1368 257 1419 die
275 1368 476 1435 Raicharagiatr.
490 1368 660 1437 eingereiht).

135 1596 241 1665 1095.
799 1602 883 1661 1418
899 1602 1066 1662 November
1080 1604 1110 1671 d,
1127 1604 1242 1663 Krene.

195 1790 236 1855 In
266 1792 395 1854 nomine
425 1788 559 1871 domini3
589 1812 693 1855 amen.
739 1788 837 1855 Anno
860 1790 979 1855 domini
1003 1800 1062 1856 eto.
1086 1790 1213 1874 XVIII,
1242 1792 1285 1857 in·

94 1895 232 1961 dictione
256 1894 316 1978 XI,
341 1894 393 1959 die
415 1916 493 1959 vero
516 1894 566 1959 VI
588 1894 707 1959 mensis
728 1894 924 1980 novembris,
947 1894 1027 1960 hora
1042 1898 1218 1982 primarum
1233 1896 1286 1961 vel

94 2002 185 2086 quasi
208 2001 355 2064 incuria
378 1998 476 2065 dotali
498 1998 660 2064 Krembae
682 2000 834 2066 honestus
857 2002 907 2065 vir
928 1999 1126 2087 Tilmalinus,
1150 1999 1287 2066 clericus

93 2105 353 2191 Magrmtinenaia
387 2103 532 2187 diocesis,
571 2106 734 2169 constituit
766 2115 991 2192 procuratores
1025 2127 1098 2170 auos
1135 2105 1286 2171 honestos

6 2251 8 2299 l
92 2212 188 2292 viros,
221 2208 368 2274 dominos
397 2208 568 2273 Nicolaum
596 2211 629 2273 in
657 2208 917 2297 Haucnenperig‚
948 2209 1118 2275 Nicolaum
1147 2212 1286 2297 proviso

6 2339 8 2392 i
92 2338 159 2381 rem
197 2313 336 2379 ecclesie
369 2313 514 2401 predicte
544 2316 578 2377 in
606 2314 749 2379 Krembe
779 2325 812 2379 et
840 2324 1006 2402 presentes
1037 2326 1070 2380 et
1098 2314 1285 2398 Iohannem,

6 2393 8 2478 i
92 2422 254 2486 notarium
286 2418 463 2483 decanatus
492 2420 524 2483 in
554 2418 749 2503 Mandanen,
779 2418 947 2485 absentem
977 2420 1020 2485 ad
1050 2419 1286 2507 acceptandum

92 2548 148 2612 pro
171 2547 213 2589 eo
237 2533 270 2589 et
292 2525 361 2588 eiua
383 2524 512 2588 nomine
536 2521 730 2588 beneficium
753 2546 876 2589 vacans
898 2522 952 2589 vel
973 2534 1164 2589 vacaturum
1188 2523 1286 2610 quod·

92 2651 234 2717 cumque
258 2627 298 2693 de
321 2627 495 2693 collacione
518 2627 712 2693 venerabilia
736 2627 894 2693 dominia·
917 2628 1005 2694 Petri
1027 2628 1154 2694 abbatie
1180 2651 1286 2693 mona-

92 2738 178 2801 sterii
205 2732 420 2800 Gotwicensis
442 2734 554 2819 vigore
577 2735 688 2820 gracie
710 2756 768 2798 sue
784 2735 989 2821 expectetive
1006 2733 1066 2800 sibi
1082 2758 1141 2821 per
1156 2736 1286 2799 sanctis-

91 2842 210 2905 simum
233 2838 398 2904 dominum
413 2837 590 2902 Martinam
606 2860 726 2925 papam
742 2840 888 2924 quintum
904 2838 989 2904 facte
1006 2849 1067 2904 etc.
1084 2839 1287 2926 presentibus

90 2944 217 3010 ibidem
248 2941 384 3008 dominia
407 2941 571 3029 Stephano
595 2942 682 3008 Gnld
712 2945 744 3008 in
767 2941 896 3008 Mellico
928 2951 960 3008 et
982 2942 1091 3008 Vlrico
1120 2943 1286 3029 capellano

90 3048 261 3137 hospitalia
283 3050 316 3113 in
338 3046 481 3113 Krembs
503 3047 638 3112 testibus
661 3058 722 3113 ete.

194 3244 278 3295 Notio
296 3244 325 3294 in
344 3242 407 3294 Cod.
420 3243 446 3293 D
465 3242 489 3294 d.
503 3243 530 3294 k.
542 3242 569 3293 k.
582 3241 743 3294 Stactaarch.
756 3243 786 3294 in
797 3242 878 3294 wien
896 3242 945 3294 auf
960 3243 1035 3308 Pap.,
1054 3241 1072 3292 f.
1088 3239 1155 3292 155'.

130 3486 238 3555 1⁰96.
925 3491 1009 3549 1419
1024 3491 1084 3548 nal
1100 3489 1129 3556 8,
1146 3491 1241 3548 Wien.

193 3677 266 3744 Der
296 3679 402 3744 Notor
430 3677 563 3744 debona
590 3677 700 3759 Hesse,
729 3676 869 3744 Cimber
899 3678 954 3744 der
977 3678 1125 3743 Moioaer
1146 3676 1286 3757 Didecse,

90 3784 288 3850 bmbundet
316 3782 480 3867 folomden
509 3802 566 3848 vor
593 3783 660 3847 iim
686 3782 916 3866 yesoblosseneo
938 3781 1109 3866 Veryleicb:
1139 3781 1287 3848 Mallius

89 3887 313 3973 Riodsboffer,
335 3887 501 3953 Licenaiol
523 3888 579 3954 der
599 3886 798 3968 Decretoleo,
821 3887 980 3972 Syodious
1001 3887 1055 3954 des
1075 3888 1172 3954 Abtea
1194 3885 1287 3952 Peter

90 3993 181 4080 [HJ
205 4013 267 4058 ooo
282 3992 437 4076 Gdltweiy
458 3993 527 4058 uod
540 3992 735 4058 Ρνοοαναιον
756 3993 810 4058 des
831 4013 892 4057 voa
914 3991 1085 4058 demselben
1099 3991 1148 4057 als
1162 3991 1286 4056 Patron

6 4090 7 4119 ³
90 4101 153 4182 aas
170 4099 226 4164 die
240 4096 451 4179 Pfarrlcircbe
471 4119 545 4163 aum
565 4097 637 4163 beil.
652 4097 777 4164 Lorem
797 4119 840 4162 aa
854 4097 1054 4164 Robeuloio
1075 4096 1111 4161 io
1133 4097 1188 4162 der
1203 4095 1285 4162 Pos-

90 4224 186 4268 aauer
215 4202 349 4268 Dioccoe
371 4203 607 4284 proceriorem
637 4202 739 4285 Geory
766 4201 868 4287 Weya
899 4201 967 4266 aod
996 4201 1116 4266 Frater
1145 4201 1285 4280 Martio,

93 4308 283 4390 Gottwoqer
304 4306 434 4390 Profeas
454 4307 523 4372 uad
543 4306 681 4389 Pforrer
702 4309 739 4372 io
756 4307 924 4372 Mawtorn
946 4305 994 4372 ola
1010 4306 1167 4372 Vetreoer
1187 4305 1286 4370 ocimo

6 4496 8 4555 ³
90 4534 174 4590 msa.
195 4538 210 4571 α
229 4535 293 4587 cos
311 4541 377 4587 sae
392 4537 531 4588 mesa

194 4658 206 4690 ¹
223 4659 419 4725 Hmuenbmg
435 4659 481 4709 bei
497 4659 600 4710 Paaaau
616 4659 646 4710 iu
663 4659 772 4710 Baiarn.

93 4778 175 4836 1095.
196 4792 209 4816 ·
226 4781 292 4834 God
309 4785 376 4832 abab
391 4779 495 4832 domnis
