3250 5500
327 452 392 519 420

372 647 470 715 1355.
973 653 1056 712 1448
1073 655 1233 713 December
1248 654 1299 721 27.
1316 654 1470 728 Gottwolg.

328 836 397 903 Der
426 838 548 903 Meditor
577 839 707 921 Profess
729 838 899 923 Wolfpaap
927 860 988 905 oon
1013 839 1189 924 Nestora
1220 840 1367 907 baritha
1388 840 1515 905 Jotaaa

329 964 389 1008 ooo
404 942 567 1009 Wet‘lbeim
588 944 664 1008 itbor
679 944 740 1009 den
754 942 862 1009 Βίαντά
877 945 933 1009 dor
947 945 1114 1029 regulares
1127 944 1292 1027 Discaplio
1306 946 1343 1010 ia
1357 942 1514 1027 Gottweip.

433 1139 517 1204 Copie
538 1137 739 1204 unvollstltudig
761 1140 798 1188 im
821 1138 885 1189 cod.
902 1139 937 1203 H,
959 1141 1003 1201 45,
1025 1139 1072 1191 dos
1089 1140 1181 1191 suaa
1198 1139 1282 1190 Mella.
1307 1168 1339 1177 -
1362 1139 1516 1202 Poa,'1⁸hes.

330 1225 450 1277 anecdot.
464 1224 563 1291 Vlllll,
580 1228 632 1278 316
650 1244 689 1277 nr.
703 1225 850 1288 CXXXIV,
868 1230 892 1277 2.

434 1399 674 1466 Subieotionem
708 1408 768 1465 eto.
814 1400 1020 1467 Venerabilis
1054 1414 1086 1466 et
1118 1404 1232 1466 merito
1268 1410 1375 1467 amate
1414 1402 1517 1487 paterl

330 1504 424 1569 Duas
450 1504 618 1591 hueusque
645 1507 678 1570 in
705 1506 775 1570 loeo
803 1508 1070 1592 peregrinationis
1092 1509 1283 1573 constitutus
1304 1506 1449 1572 avolatus
1471 1528 1518 1571 su·

332 1610 420 1696 soepi
451 1620 543 1695 grate
573 1610 826 1696 vespertiliones,
860 1609 977 1697 quibus
1007 1611 1206 1676 sufficienter
1235 1633 1293 1697 pro
1325 1632 1413 1676 nuno
1446 1610 1520 1675 mihi

331 1715 533 1779 insinuantur
562 1714 654 1779 favor
682 1724 714 1780 et
742 1738 834 1780 amor
863 1717 896 1779 in
918 1724 1049 1802 pectore
1071 1724 1199 1782 vestrae
1220 1718 1424 1803 paternitatis
1447 1714 1521 1779 mihi

331 1820 471 1905 repositi,
495 1842 574 1906 quos
597 1822 755 1905 usquein
780 1820 875 1885 finem
898 1829 971 1906 peto
994 1821 1071 1886 mihi
1091 1823 1278 1887 conservari
1296 1820 1521 1906 humiliterque

333 1924 482 2011 deposco,
514 1934 672 2011 quatenus
704 1924 819 1990 erebro
849 1948 900 1991 me
929 1928 1137 2012 peregrinum
1165 1925 1282 1992 talibus
1312 1928 1433 1991 nuntiis
1456 1927 1523 2011 ipsa

333 2038 443 2094 vestra
471 2031 647 2115 paternitas
678 2031 808 2095 visitare
840 2028 999 2117 dignetur,
1030 2052 1128 2118 quem
1148 2052 1233 2095 unus
1254 2030 1417 2095 duntaxat
1439 2052 1522 2116 apex

333 2132 414 2198 solet
435 2156 595 2200 recreare.
625 2134 696 2200 Neo
718 2138 854 2221 imputet
875 2138 946 2221 ipsa
967 2144 1076 2200 vestra
1097 2138 1283 2222 paternitas,
1308 2134 1396 2221 quod
1420 2134 1523 2198 eidem
1620 2165 1621 2232 3

333 2240 473 2303 vicissim
503 2260 567 2305 uon
597 2237 778 2326 respondeo
807 2249 864 2305 aut
892 2240 1045 2325 similiter,
1068 2249 1105 2305 ut
1125 2241 1260 2305 sortasse
1283 2238 1459 2322 desiderat,
1481 2248 1523 2301 to·

334 2346 422 2409 ciens
451 2346 646 2430 rescripsero
676 2354 743 2411 tum
766 2354 898 2432 propter
918 2345 1089 2411 ruditatem
1111 2368 1218 2411 meam
1240 2367 1314 2410 oum
1337 2346 1524 2431 praecipuo,
1621 2409 1622 2420 ,

334 2449 409 2533 quia
442 2447 531 2515 loeus
565 2459 658 2515 extra
691 2460 824 2517 stratam
859 2474 1060 2516 communem
1093 2453 1172 2517 situs
1205 2458 1402 2537 opportunos
1433 2447 1525 2513 nobis

334 2552 475 2639 denegat
503 2556 640 2633 nuntios,
671 2558 795 2621 etiamsi
825 2556 902 2643 quid
929 2579 988 2643 pro
1010 2566 1155 2643 tempore
1177 2554 1391 2621 nuntiandum
1416 2574 1524 2620 oecur-

333 2660 419 2723 rerit.
465 2658 517 2723 De
547 2669 632 2725 statu
660 2682 738 2725 vero
768 2661 880 2726 morali
911 2663 1030 2746 nescio,
1058 2659 1136 2749 quid
1158 2663 1350 2742 intimarem,
1374 2680 1452 2723 oum
1474 2678 1526 2722 ue-

333 2767 422 2851 gotia
451 2773 483 2830 et
513 2774 614 2832 status
644 2765 870 2832 observantiae
899 2766 953 2832 hio
982 2767 1074 2833 aliter
1104 2775 1176 2851 stat,
1210 2787 1308 2852 quam
1338 2764 1434 2829 nobis
1469 2763 1528 2826 fuit

335 2879 532 2956 suggestum,
555 2873 652 2936 immo
674 2869 773 2937 multo
795 2871 897 2956 aliter,
921 2894 1018 2958 quam
1039 2881 1115 2936 ante
1137 2870 1302 2936 biennium
1322 2868 1528 2956 reliqueram.
1622 2888 1623 2903 l

334 2976 537 3061 Importunos
571 2976 728 3063 quosdam
761 2976 953 3043 habebimus
987 2986 1020 3043 et
1048 2976 1253 3060 haberemus,
1288 2978 1315 3040 si
1344 2973 1425 3062 quid
1457 2995 1529 3038 oum

336 3083 418 3145 serio
442 3083 627 3166 egissemus,
653 3081 738 3168 quod
761 3081 905 3147 nondum
928 3082 1094 3167 fecimus·
1116 3091 1149 3148 et
1170 3081 1296 3166 reliqua
1317 3081 1413 3165 plura
1427 3100 1529 3165 usque
1622 3136 1623 3139 ,

335 3183 377 3248 ad
408 3184 515 3251 finem.
561 3185 679 3252 Valeat
707 3197 818 3252 vestra
846 3189 1023 3272 paternitas
1052 3189 1086 3251 in
1115 3185 1180 3252 filio
1210 3186 1252 3251 de
1274 3187 1402 3270 virgine
1425 3205 1530 3269 nuper
1622 3198 1623 3203 ’

336 3299 421 3375 nato,
452 3293 507 3378 qui
537 3301 570 3357 et
600 3291 738 3357 eandem
768 3315 827 3358 sua
856 3295 960 3378 gratia
991 3291 1105 3358 erebro
1135 3295 1266 3358 visitare
1296 3301 1328 3356 et
1349 3291 1529 3356 illuminare
1622 3332 1623 3367 3

337 3396 497 3481 dignetur,
524 3406 559 3463 ut
580 3408 653 3484 post
674 3419 845 3463 aerumnas
868 3396 990 3463 saeculi
1011 3397 1105 3462 huius
1127 3419 1268 3484 nequam
1290 3396 1442 3462 bravium
1465 3393 1529 3458 feli·

337 3503 442 3566 oitatis
476 3511 628 3568 aeternae
661 3505 821 3588 attingere
855 3501 971 3566 valeat.
1016 3501 1069 3566 Ex
1097 3501 1235 3568 Gotuioo
1265 3503 1298 3566 in
1329 3498 1530 3564 solemnitate

338 3609 440 3671 sancti
461 3607 614 3673 Iohannis
637 3607 855 3693 evangelistae
878 3629 962 3672 anno
983 3606 1037 3672 49.

383 3869 483 3938 1355.
1160 3875 1243 3934 1448
1259 3877 1422 3934 resonum
1436 3875 1490 3932 28.

444 4067 537 4150 Jorip
560 4065 733 4148 Proataer,
756 4067 882 4151 Pflaper
902 4088 944 4132 aa
958 4067 1084 4132 Nidero
1098 4065 1208 4147 Raso,
1232 4063 1435 4144 larunda,
1458 4061 1533 4126 dass

339 4175 391 4240 die
404 4173 704 4243 Convoatsobwestar
726 4178 778 4242 des
792 4173 1054 4240 Frouenklosters
1075 4194 1117 4238 aa
1139 4171 1280 4255 Gotwea'p
1300 4171 1460 4253 Morprat,
1482 4168 1533 4231 dia

339 4285 468 4350 Toobter
489 4284 543 4350 des
564 4283 782 4349 uerstorbeaea
804 4280 929 4364 dapar
951 4281 1005 4346 dea
1025 4278 1304 4362 Saeltpenrewtter,
1331 4275 1408 4357 ibon
1431 4274 1534 4338 seim

341 4552 421 4607 1855.
444 4563 457 4587 ·
475 4551 528 4602 Die
546 4549 690 4617 folgenden
702 4548 807 4599 Worte:
829 4553 852 4598 ot
873 4547 974 4610 νάἰᾳιω
993 4545 1077 4610 plura
1093 4559 1170 4608 uoqm
1187 4540 1223 4592 ad
1233 4541 1315 4606 ,ήκω
1332 4544 1464 4589 stammen
1482 4551 1533 4586 rou

340 4644 388 4693 der
406 4643 440 4692 H.
453 4641 562 4693 Johann
581 4637 788 4704 Sehlitpaoher’s
806 4652 833 4686 r.
845 4635 998 4686 Woilheim.

445 4767 456 4798 ¹
474 4764 643 4830 Keiblinger,
660 4761 736 4812 Malk
753 4761 776 4826 Ι,
795 4762 847 4811 tao
864 4761 943 4809 Anm.
956 4759 980 4809 2.
