3250 5500
1238 489 1302 554 303

102 675 162 731 aut
190 667 368 732 licenciatis
399 691 457 734 seu
488 669 678 736 baccalariis
711 673 855 738 formatis
884 677 915 738 in
951 675 1119 761 theologia,
1154 681 1208 764 qui
1242 703 1300 766 per

103 770 300 838 decennium
333 775 365 837 in
400 773 509 860 aliqua
542 777 749 841 universitate
783 777 987 864 privilegiata
1025 781 1208 847 doctoribus
1243 807 1300 850 seu

102 874 274 941 licentiatis
296 879 329 942 in
353 877 453 942 altero
476 880 593 944 iurium
615 880 668 945 vel
691 881 862 967 medicina,
885 887 940 969 qui
962 907 1022 971 per
1049 897 1172 972 septem
1199 911 1300 953 annos

100 981 137 1044 in
159 1003 219 1045 sua
241 981 394 1047 facultate
411 983 592 1049 studuerint
606 987 639 1048 in
655 988 864 1052 universitate
886 998 1044 1074 utsupra,
1068 994 1227 1077 magistris
1243 1015 1301 1056 seu

101 1083 274 1150 licentiatis
295 1089 328 1150 in
351 1087 474 1152 artibus
497 1111 571 1153 cum
587 1091 693 1174 rigore
710 1094 878 1176 examinis,
901 1095 956 1179 qui
971 1116 1030 1179 per
1046 1097 1300 1182 quinquennium

100 1192 136 1254 in
160 1190 269 1276 aliqua
290 1193 498 1256 universitate
521 1215 541 1256 a
563 1193 751 1277 logicalibus
773 1195 932 1260 inclusive
955 1205 987 1260 et
1008 1220 1107 1283 supra
1128 1201 1161 1264 in
1177 1200 1300 1266 artibus

99 1294 155 1359 vel
178 1297 211 1360 in
235 1296 298 1360 alia
321 1299 477 1382 superiori
499 1297 672 1362 faecultate
696 1298 879 1365 studuerint
907 1323 1034 1368 necnon
1064 1305 1097 1368 in
1126 1304 1298 1391 theologia,

100 1402 157 1484 qui
181 1423 241 1486 per
256 1423 316 1466 sex
332 1423 433 1466 annos
449 1402 502 1467 vel
524 1404 557 1468 in
572 1411 709 1488 utroque
725 1414 780 1468 aut
802 1407 835 1470 in
851 1405 951 1470 altero
965 1409 1082 1473 iurium
1098 1406 1298 1495 baccalariis,

100 1507 158 1590 qui
182 1527 242 1591 per
263 1507 446 1591 triennium,
470 1508 496 1570 si
519 1505 643 1571 nobiles
667 1529 709 1572 ex
732 1518 870 1595 utroque
892 1521 1026 1595 parente
1049 1522 1147 1578 etex
1169 1517 1300 1601 antiquo

98 1631 234 1694 genere,
257 1610 336 1675 alias
359 1619 467 1676 autem
490 1632 550 1695 per
577 1613 833 1698 quinquennium
863 1615 1006 1680 similiter
1034 1619 1068 1681 in
1094 1617 1204 1704 aliqua
1232 1623 1298 1684 uni-

100 1716 254 1778 versitate
277 1715 479 1800 privilegiata
501 1715 544 1780 ad
566 1718 672 1781 minus
695 1716 837 1782 studium
859 1739 955 1784 suum
977 1720 1120 1788 fecerint.
1168 1722 1233 1804 Qui
1256 1725 1297 1788 de

99 1818 256 1904 predictis
278 1818 433 1904 gradibus
450 1829 594 1905 tempore
618 1829 650 1884 et
672 1820 838 1888 nobilitate
853 1823 1046 1908 supradictis
1068 1825 1168 1891 fidem
1190 1828 1298 1892 facere

97 1933 273 1988 teneantur
295 1924 447 2008 collatori,
471 1946 529 2010 per
551 1925 706 2010 legittima
729 1925 924 1992 documenta
940 1928 1150 1996 exhortamur
1171 1933 1297 1997 ordina·

98 2031 165 2092 rios
182 2028 359 2112 collatores,
377 2029 464 2114 quod
479 2032 511 2094 in
527 2029 731 2095 conferendis
747 2031 907 2097 benefitiis
923 2033 1114 2118 huiusmodi,
1130 2041 1298 2121 presertim

97 2133 209 2220 quoad
234 2133 405 2217 dignitates
435 2145 620 2220 respectum
650 2135 792 2200 habeant
821 2137 1026 2222 singulariter
1055 2140 1097 2205 ad
1128 2143 1297 2226 magistros

96 2259 229 2302 necnon
250 2237 430 2303 licentiatos
453 2249 485 2304 et
507 2238 706 2304 baccalarios
729 2239 882 2305 formatos
897 2244 929 2306 in
951 2242 1121 2329 theologia,
1146 2245 1179 2308 in
1195 2245 1296 2330 digni-

96 2341 222 2406 tatibus
259 2364 336 2406 vero
371 2365 435 2407 non
470 2343 614 2408 electivis
648 2344 871 2428 personalibus
904 2346 1232 2412 administrationibus
1266 2360 1298 2414 et

96 2447 208 2511 offitiis
232 2445 392 2512 dictarum
416 2446 627 2511 ecclesiarum
650 2446 737 2513 idem
760 2449 839 2513 orde
862 2449 976 2514 modus
999 2460 1032 2514 et
1054 2452 1157 2518 forma
1178 2455 1211 2517 in
1234 2475 1296 2518 om-

94 2551 194 2616 nibus
219 2551 442 2616 observentur.
467 2550 564 2633 Quod
596 2553 622 2616 si
646 2554 718 2638 quis
741 2575 784 2617 ex
814 2552 908 2618 dictis
931 2555 1122 2640 qualificatis
1152 2567 1297 2644 tempore

94 2659 278 2721 vacationis
300 2655 468 2742 prebende
492 2678 550 2721 seu
573 2656 737 2740 dignitatis
760 2656 941 2722 huiusmodi
956 2660 1035 2724 alias
1058 2660 1140 2724 duas
1155 2661 1297 2726 obtineat

96 2761 284 2845 prebendas
308 2784 366 2827 seu
388 2762 562 2847 dignitates
586 2772 619 2826 et
640 2762 826 2847 prebendas
841 2764 893 2828 vel
916 2764 1004 2828 aliud
1027 2788 1084 2830 seu
1100 2766 1163 2830 alia
1178 2766 1296 2830 benefi-

94 2869 184 2931 cium
207 2876 264 2930 aut
287 2865 457 2950 beneficia,
481 2866 567 2953 quod
590 2866 642 2931 vel
673 2888 736 2952 que
759 2867 931 2933 residendo
962 2872 995 2933 in
1025 2869 1125 2934 altero
1154 2872 1296 2956 ipsorum

95 2980 128 3035 ct
151 2970 240 3035 horis
264 2970 381 3035 divinis
396 2970 618 3035 interessendo
641 2970 788 3035 valerent
810 2994 869 3036 seu
883 2972 1006 3038 valeret
1029 2996 1131 3059 usque
1154 2974 1196 3039 ad
1212 2965 1295 3039 sum-

94 3098 185 3141 mam
220 3097 278 3139 seu
312 3077 553 3141 estimacionem
584 3076 795 3140 ducentorum
829 3076 1022 3142 florenorum
1055 3082 1124 3143 auri
1158 3102 1295 3163 camere,

93 3180 243 3243 similiter
265 3182 460 3266 quicumque
476 3179 557 3245 duas
574 3178 758 3265 prebendas
775 3180 977 3245 cathedrales
993 3183 1174 3268 obtinuerit,
1197 3184 1295 3248 nulla-

92 3296 190 3349 tenus
221 3286 253 3347 in
284 3286 354 3370 ipsa
383 3286 484 3349 tercia
514 3293 606 3371 parte
636 3284 757 3348 includi
780 3307 838 3349 seu
862 3285 1091 3372 comprehendi
1116 3297 1295 3371 censeatur,

92 3390 125 3452 in
158 3387 304 3452 ecclesiis
327 3398 435 3455 autem
465 3387 731 3475 parrochialibus
765 3411 828 3473 quc
859 3392 891 3453 in
922 3391 1105 3455 civitatibus
1135 3401 1191 3456 aut
1212 3392 1295 3457 villis

92 3495 231 3558 muratis
254 3494 407 3578 existunt,
430 3496 637 3559 instituantur
658 3515 795 3579 persone
812 3496 896 3559 sicut
918 3517 1016 3582 supra
1031 3496 1215 3583 qualificate
1238 3505 1294 3561 aut

91 3596 136 3663 ad
160 3600 278 3681 minus,
303 3601 358 3684 qui
380 3620 438 3685 per
461 3608 526 3663 tres
549 3619 651 3663 annos
673 3600 707 3663 in
729 3597 895 3683 theologia
918 3598 970 3665 vel
992 3603 1025 3665 in
1052 3600 1153 3666 altero
1178 3603 1296 3667 iurium

91 3725 152 3767 seu
177 3705 326 3789 magistri
355 3705 388 3768 in
416 3703 549 3788 artibus,
580 3706 689 3789 quiin
720 3703 828 3789 aliqua
858 3705 1065 3771 universitate
1094 3707 1296 3792 privilegiata

91 3807 264 3873 studentes
288 3808 417 3892 luerint,
441 3812 467 3872 si
490 3808 571 3873 tales
594 3809 734 3894 poterint
755 3810 903 3891 inveniri,
926 3812 981 3895 qui
1003 3810 1163 3875 voluerint
1189 3810 1295 3875 huius·

91 3910 182 3977 modi
206 3911 368 3977 benefitiis
392 3912 569 3977 deservire.
599 3912 643 3977 Et
664 3920 700 3975 ut
722 3910 849 3976 facilius
871 3915 1009 3978 inveniri
1031 3916 1161 3999 possint,
1186 3917 1296 3979 statuit

89 4016 155 4080 hec
192 4026 308 4080 sancta
345 4016 502 4103 synodus,
541 4016 627 4103 quod
665 4015 809 4103 quolibet
846 4039 931 4082 anno
974 4017 1113 4083 durante
1150 4029 1295 4105 tempore

30 4118 32 4123 ’
90 4119 345 4206 quadragesima
378 4142 490 4187 omnes
521 4131 553 4185 et
579 4121 695 4207 singuli
726 4120 788 4188 hoc
818 4121 914 4187 modo
945 4122 1119 4208 qualificati
1153 4123 1193 4187 de
1224 4127 1295 4210 ipsa

90 4224 216 4289 diocesi
239 4225 357 4307 etalii,
381 4227 436 4311 qui
460 4224 628 4310 voluerint,
652 4225 796 4293 habeant
825 4248 942 4314 perse
973 4225 1026 4291 vel
1058 4249 1117 4313 per
1144 4250 1294 4312 precura-

88 4338 196 4394 torem
220 4352 278 4393 sua
300 4332 431 4395 nomina
454 4329 611 4395 exhibere
634 4329 706 4415 illis,
730 4332 773 4396 ad
797 4354 879 4418 quos
909 4329 1140 4396 beneficiorum
1172 4342 1294 4397 curato-

88 4456 163 4499 rum
187 4432 313 4497 collatio
328 4434 382 4499 vel
404 4436 601 4521 presentatio
627 4445 763 4520 spectat,
787 4458 846 4501 seu
869 4458 979 4501 eorum
995 4438 1135 4520 vicariis,
1158 4436 1244 4522 quod
1267 4434 1293 4500 si

90 4560 156 4602 non
179 4536 327 4621 fecerint,
351 4538 484 4603 collacio
508 4560 566 4603 seu
591 4542 792 4624 presentacio
808 4539 861 4605 vel
883 4540 1047 4626 dispositio
1069 4541 1162 4605 aliter
1185 4563 1292 4626 quam,

89 4651 125 4705 ut
148 4641 354 4727 premittitur,
381 4640 469 4707 faeta
492 4664 555 4707 non
578 4653 710 4728 propter
733 4643 794 4709 hoe
816 4646 907 4710 irrita
930 4653 1109 4710 censeatur.
1143 4644 1187 4708 Et
1208 4645 1291 4707 simi-

89 4743 162 4809 liter·
184 4747 216 4809 in
241 4745 408 4811 collatione
432 4749 524 4811 tertie
548 4749 647 4831 partis
671 4747 917 4833 prebendarum
939 4750 1087 4835 superius
1115 4756 1292 4813 memorata
