3250 5500
16 553 18 826 Ι

16 827 19 1058 Ι

16 1797 19 2054 Ι

1255 484 1277 550 5

103 671 229 736 biliter
220 695 252 736 ιιι
282 671 400 738 divinis
431 675 581 762 congruis
611 674 828 760 porcionibus,
860 674 901 739 de
932 674 1049 761 quibua
1079 676 1193 741 vicarii
1216 679 1277 763 ipsi

101 786 218 863 possent
243 799 385 864 congrue
413 782 594 862 sustentari,
624 779 857 866 episcopalia
848 803 920 845 rura
942 780 1067 846 solvere
1091 790 1123 846 ιι
1145 781 1209 847 alia
1231 783 1277 846 eis

101 880 303 947 incumbentia
337 905 436 948 onera
469 893 671 971 supportare,
707 895 794 950 certo
832 907 931 971 super
967 884 1028 950 hoc
1065 887 1277 952 instrumento

100 985 213 1072 publico
235 987 381 1054 confecto
404 987 498 1073 sigilli
520 988 711 1054 officialatus
734 989 936 1054 Pataviensis
958 989 1058 1056 officii
1079 992 1277 1077 appensione

101 1094 214 1156 munito.
248 1092 458 1158 Postmodum
480 1115 560 1158 vero
582 1115 641 1180 pro
663 1103 756 1180 parte
778 1102 889 1159 vestra
904 1093 996 1159 nobis
1012 1097 1168 1181 exposito,
1191 1095 1278 1182 quod

100 1217 148 1260 vos
168 1195 249 1262 infra
270 1195 386 1262 limites
409 1197 618 1283 parrochialis
634 1198 771 1264 ecclesie
787 1201 890 1264 sancti
905 1198 1085 1284 Stephani
1076 1222 1110 1264 ιιι
1125 1199 1278 1265 Mactarn

100 1299 286 1366 Pataviensis
316 1301 452 1368 diocesis
483 1301 656 1368 nonnulla¹
689 1302 833 1368 decimas
861 1313 893 1368 ιι
915 1303 978 1368 alia
999 1303 1087 1368 bona
1109 1303 1279 1391 adipeam

100 1405 255 1472 ecclesiam
284 1416 316 1472 et
339 1415 483 1474 vestrum
505 1410 736 1474 monasterium
759 1411 915 1495 spectant
907 1431 939 1474 ra
895 1407 1132 1473 thabebatis
1155 1418 1188 1474 et
1209 1431 1278 1495 pos

99 1510 239 1576 sidebatis
269 1535 308 1577 ac
336 1511 476 1578 eandem
503 1510 674 1578 ecclesiam
701 1521 809 1578 vestro
836 1515 1029 1578 monasterio
1056 1523 1092 1579 ut
1117 1513 1279 1598 prefertur

98 1619 204 1682 unitam
227 1639 288 1704 per
309 1619 467 1683 vicarium
489 1616 717 1704 presbyterum
741 1617 921 1684 secularem
943 1617 1117 1704 tegebatis,
1147 1627 1280 1704 propter

16 1722 202 1807 quod
194 1745 226 1786 ιιι
250 1721 343 1786 bonis
367 1732 399 1787 et
421 1721 555 1786 decimis
577 1721 769 1804 huiusmodi,
802 1745 845 1787 ex
868 1722 984 1809 quibus
1007 1745 1065 1787 vos
1089 1722 1280 1788 sustentabi-

97 1829 164 1890 mini
190 1835 222 1891 ιι
250 1826 423 1912 vivebatis,
452 1825 670 1913 multipliciter
698 1826 933 1914 perturbemini
959 1838 992 1894 et
1017 1837 1055 1892 ιιι
1077 1826 1280 1893 commodius

98 1929 269 1997 huiusmodi
293 1931 384 1996 bonis
407 1941 439 1996 et
461 1931 596 1996 decimis
618 1933 664 1996 uti
687 1935 835 2017 possetis,
858 1954 917 2019 pro
939 1942 1032 2018 parte
1055 1942 1164 1998 vestra
1186 1931 1279 1998 nobis

98 2035 275 2122 supplicato,
304 2045 340 2101 ut
361 2035 453 2101 vobis
476 2046 509 2100 et
533 2036 618 2101 dicto
640 2039 835 2102 monasterio
856 2046 965 2104 vestro
987 2035 1160 2123 providere
1182 2058 1281 2124 super

96 2141 148 2208 hoc
176 2141 216 2208 de
244 2142 445 2227 benignitate
475 2141 651 2229 apostolica
681 2141 901 2229 dignaremur,
929 2165 986 2208 nos
1009 2152 1045 2208 ιιι
1067 2142 1204 2208 cedente
1227 2141 1282 2207 vel

97 2246 267 2313 decedente
291 2245 430 2312 seculari
451 2250 573 2312 vicario
597 2247 790 2335 presbytero
812 2247 997 2313 huiusmodi
1020 2247 1106 2313 dicte
1132 2246 1280 2331 ecclesie,

96 2355 142 2438 qui
169 2363 247 2418 tunc
280 2362 358 2436 erat,
389 2351 442 2417 vel
473 2375 546 2418 eam
578 2351 821 2438 quomodolibet
849 2352 1028 2420 dimittente
1054 2353 1167 2418 liceret
1188 2352 1281 2417 vobis

95 2479 186 2522 unum
207 2456 437 2544 presbyterum
459 2457 625 2544 ydoneum
649 2456 725 2522 dicti
747 2459 849 2522 vestri
868 2457 989 2522 ordinis
1004 2459 1038 2522 ιιι
1052 2466 1196 2523 vestrum
1210 2480 1282 2545 per·

94 2573 216 2646 petuum
239 2565 400 2628 vicarium
421 2563 491 2627 loco
515 2561 660 2627 eiusdem
682 2564 795 2627 vicarii
811 2561 966 2627 secularia
982 2585 1113 2649 ponere,
1137 2565 1190 2649 qui
1208 2585 1281 2627 ean·

95 2665 160 2732 dem
182 2667 357 2732 ecclesiam
379 2677 509 2753 regeret
531 2689 570 2732 ac
590 2666 669 2731 inibi
688 2666 894 2732 laudabiliter
909 2666 1090 2733 deserviret
1104 2669 1137 2731 in
1153 2666 1281 2752 divinis,

94 2771 249 2839 diocesani
278 2773 340 2838 loci
361 2772 414 2837 vel
438 2770 608 2837 cuiuslibet
629 2772 763 2837 alterius
786 2793 886 2859 super
906 2773 968 2837 hoc
991 2773 1127 2838 licencia
1149 2774 1281 2838 minime

93 2880 248 2964 requisita,
281 2886 447 2943 reservata
476 2885 583 2942 ιιιιιιιι
616 2874 657 2941 ιιι
684 2876 843 2942 fructibus
865 2876 1045 2942 redditibus
1069 2887 1101 2943 et
1122 2878 1283 2964 proventi-

94 2980 147 3046 bus
167 2982 254 3048 dicte
279 2983 414 3048 ecclesie
437 3004 496 3068 pro
519 2981 634 3046 eodem
655 2983 779 3047 vicario
800 3004 860 3068 per
880 3004 940 3047 vos
963 2984 995 3047 in
1020 2981 1134 3047 eadem
1156 2991 1193 3047 ut
1213 3004 1283 3069 pre·

93 3086 187 3151 lertnr
208 3086 406 3153 instituendo
430 3108 574 3174 congrua
596 3089 758 3173 porcione,
782 3086 824 3152 de
845 3109 909 3173 qua
924 3086 1011 3152 idem
1025 3088 1167 3152 vicarius
1183 3088 1283 3173 possit

93 3212 228 3277 congrue
252 3193 434 3276 sustentari,
459 3191 654 3278 episcopalia
675 3194 747 3257 iura
769 3192 896 3257 solvere
920 3202 952 3257 at
974 3191 1037 3258 alia
1056 3191 1284 3257 incumbencia

93 3316 184 3361 onera
212 3305 406 3383 supportare
432 3296 526 3361 vobis
549 3298 740 3362 auctoritate
762 3295 913 3384 predicta
934 3320 994 3384 per
1015 3304 1140 3362 nostras
1162 3296 1284 3361 litteras

93 3400 289 3485 indulsimus,
320 3409 416 3487 prout
437 3403 469 3466 in
494 3401 617 3467 eisdem
639 3400 751 3467 litteris
774 3410 806 3467 et
828 3404 1057 3486 instrumentis,
1081 3398 1218 3488 quorum
1240 3410 1284 3466 te·

92 3528 180 3572 nores
209 3506 417 3594 presentibus
446 3506 560 3571 haberi
590 3505 748 3591 volumus,
776 3528 820 3571 ex
843 3515 932 3571 certa
954 3509 1095 3571 sciencia
1117 3528 1175 3592 pro
1198 3504 1284 3569 sufli-

93 3612 209 3677 cienter
240 3614 404 3699 expressis
434 3609 560 3699 plenius
590 3612 780 3676 continetur.
827 3610 938 3691 Quare
968 3633 1027 3696 pro
1056 3620 1148 3697 parte
1175 3620 1286 3674 vestra

92 3716 177 3781 nobis
208 3716 271 3781 fuit
301 3714 461 3782 humiliter
490 3715 715 3803 supplicatum,
747 3726 782 3780 ut
804 3714 959 3801 predictis
981 3715 1094 3780 litteris
1118 3724 1150 3779 et
1171 3718 1285 3779 instru-

92 3824 202 3887 mentis
235 3832 269 3889 et
298 3824 455 3886 contentis
486 3822 516 3885 in
549 3822 595 3886 eis
625 3822 790 3908 apostolici
821 3822 1006 3885 muniminis
1032 3819 1132 3885 robur
1154 3818 1285 3884 adicere

94 3924 130 3991 de
151 3927 353 4011 benignitate
376 3924 550 4013 apostolica
573 3924 790 4011 dignaremur,
814 3947 872 3990 nos
895 3927 992 4010 igitur
1014 3923 1198 3990 huiusmodi
1213 3945 1285 4009 sup-

92 4030 315 4116 plicationibus
345 4030 488 4096 inclinati
517 4030 660 4118 prefatas
690 4028 811 4094 litteras
842 4038 874 4094 et
903 4032 1117 4094 instrumenta
1145 4051 1185 4092 ac
1213 4049 1285 4092 con·

92 4146 175 4203 tenta
205 4139 240 4201 in
272 4136 318 4201 eis
349 4147 380 4202 et
403 4156 607 4223 quecumque
630 4134 705 4200 inde
729 4144 841 4200 secuta
863 4143 934 4199 rata
957 4134 1114 4199 habentes
1137 4142 1170 4198 et
1191 4141 1285 4219 grata

93 4264 128 4307 ea
153 4244 347 4307 auctoritate
376 4240 524 4328 predicta
554 4262 597 4305 ex
628 4250 717 4305 certa
747 4241 888 4304 sciencia
911 4239 1139 4305 confirmamus
1162 4247 1195 4301 et
1217 4258 1286 4322 pre·

94 4351 185 4413 sentis
218 4348 331 4434 scripti
360 4346 536 4433 patrocinio
566 4347 799 4411 communimus
831 4354 864 4409 et
892 4343 1117 4409 nichilominus
1139 4340 1287 4428 predicta

94 4454 280 4519 auctoritate
310 4460 398 4517 motu
427 4452 555 4538 proprio
585 4470 648 4516 non
672 4449 716 4515 ad
738 4453 880 4537 ipsorum
903 4448 1031 4514 abbatis
1053 4458 1086 4513 et
1108 4454 1286 4512 conventus

94 4556 141 4623 rel
163 4558 303 4623 alicuius
324 4578 383 4644 pro
406 4558 452 4621 eis
474 4578 572 4644 super
594 4554 656 4621 hoc
679 4552 786 4621 oblate
808 4554 976 4641 peticionis
999 4554 1200 4638 instanciam,
1227 4549 1287 4617 sed

96 4782 155 4841 903.
195 4790 207 4825 i
223 4784 373 4839 eod'etau
389 4784 533 4837 mata.
