3250 5500
351 473 417 541 480

353 668 426 732 dem
457 668 640 731 monasterii
670 666 858 753 professum,
886 675 922 731 ut
943 664 1006 731 hoe
1029 666 1133 731 eciam
1156 665 1272 731 clarius
1295 674 1328 730 et
1349 666 1485 730 feriatim
1506 667 1537 730 in

353 771 492 859 quodam
515 770 644 860 publico
667 774 876 836 instrumento
900 774 1089 855 continetur,
1112 769 1245 836 tandem
1266 772 1299 836 in
1323 770 1474 836 abbatem
1489 770 1540 834 eli·

352 878 466 961 gimus,
504 898 602 964 quam
639 874 769 962 quidem
806 875 996 941 electionem
1034 876 1208 940 conventui
1245 875 1322 940 dicti
1358 876 1539 941 monasterii

354 982 560 1067 solempniter
583 989 801 1066 presentatum
824 988 1001 1045 conventus
1024 982 1092 1067 ipse
1123 989 1156 1044 et
1184 979 1301 1067 singuli
1328 978 1542 1067 approbantes

354 1084 460 1150 eidem
483 1083 524 1149 de
547 1086 612 1149 suis
635 1083 783 1149 manibus
806 1086 941 1171 propriis
957 1084 1217 1169 subscripserunt
1231 1083 1413 1171 devoteque
1428 1084 1543 1170 suppli·

355 1200 469 1255 cerunt
491 1189 549 1254 tibi
573 1188 712 1276 desuper
734 1212 850 1255 munus
874 1190 1130 1255 confirmacionis
1153 1199 1185 1253 ct
1207 1191 1464 1254 consecracionis
1478 1210 1545 1272 gra·

356 1298 441 1361 ciose
471 1296 637 1381 impartiri,
668 1293 942 1380 quemadmodum
969 1294 1134 1359 decretum
1165 1316 1224 1380 per
1254 1316 1308 1359 eos
1339 1292 1432 1359 nobis
1464 1292 1546 1358 obla-

354 1410 423 1465 tum
458 1399 574 1464 clarius
606 1397 858 1485 comprehendit.
904 1399 990 1464 Sane
1022 1422 1065 1463 ex
1095 1401 1228 1464 iniuncti
1258 1398 1350 1464 nobis
1379 1397 1546 1485 pastoralis

355 1504 452 1569 officii
482 1502 692 1569 sollicitudine
721 1503 797 1570 dicti
820 1505 1003 1569 monasterii
1026 1502 1203 1570 incomodis
1225 1514 1258 1568 et
1280 1501 1458 1590 dispendiis
1481 1525 1546 1588 pro

355 1608 430 1673 vide
461 1606 627 1673 consulere
657 1606 800 1673 volentes
831 1608 921 1673 crida
951 1631 1010 1673 scu
1038 1608 1294 1695 proclamacione
1325 1608 1484 1694 solempni
1516 1609 1547 1671 in

355 1712 433 1777 locis
457 1712 573 1777 debitis
596 1720 628 1777 et
649 1711 746 1776 solitis
769 1715 926 1798 premissa
948 1722 1015 1780 tam
1039 1712 1209 1778 eleccionis
1231 1714 1317 1778 vires
1340 1734 1438 1799 quam
1462 1721 1548 1777 tuam

356 1840 537 1904 personam,
568 1825 663 1903 prout
693 1816 734 1881 de
764 1819 834 1881 iure
865 1815 1047 1901 debuimus,
1079 1818 1338 1883 examinavimus
1366 1816 1547 1903 diligentur.

356 1922 505 1987 Tandem
527 1932 598 2010 post
622 1921 764 1987 debitam
789 1920 987 2009 singulorum
1008 1924 1250 2008 inquisicionem
1268 1933 1300 1987 et
1315 1944 1457 1987 examen
1473 1922 1551 1987 clec-

358 2030 482 2092 cionem
511 2029 615 2112 ipsam
647 2029 738 2091 iuxta
768 2028 845 2091 iuris
876 2029 1053 2092 communis
1086 2027 1332 2113 disposicionem
1364 2031 1552 2092 canonicam

357 2133 546 2219 reperimus,
569 2154 666 2218 quam
689 2132 820 2217 exinde,
844 2143 1000 2218 quantum
1022 2131 1168 2197 valemus
1192 2142 1223 2197 et
1237 2154 1417 2220 possumus,
1441 2154 1553 2218 appio

358 2238 471 2302 bamus
503 2244 534 2301 et
563 2239 595 2300 in
627 2236 678 2301 dei
709 2238 836 2301 nomine
864 2237 1091 2302 confirmamus
1113 2258 1350 2325 personamque
1373 2246 1467 2303 tuam
1487 2246 1553 2302 tum

357 2340 561 2427 religiositate
586 2344 650 2406 vite
674 2352 743 2405 tum
764 2339 943 2405 litterarum
965 2343 1107 2407 sciencia
1122 2343 1214 2407 etatis
1230 2343 1414 2407 maturitate
1428 2362 1553 2407 morum

358 2447 515 2531 gravitate
546 2456 578 2511 ct
609 2447 711 2511 sancti
734 2444 904 2510 Benedicti
926 2444 1040 2532 regula
1063 2456 1284 2532 competenter
1304 2446 1491 2512 invenimus
1512 2447 1553 2510 in·

358 2560 513 2615 structam
535 2549 772 2638 plurimumque
797 2549 1063 2615 commendatam.
1109 2548 1236 2615 Idcirco
1264 2552 1341 2636 quia
1362 2553 1395 2615 in
1417 2552 1554 2615 termino

358 2656 570 2742 peremptorio
590 2654 634 2719 ad
656 2654 717 2719 hoc
738 2676 798 2741 per
821 2676 879 2719 nos
901 2654 1026 2740 prefixo
1049 2653 1155 2721 nullus
1171 2676 1281 2721 coram
1295 2653 1401 2742 nobis,
1424 2657 1484 2741 qui
1498 2676 1554 2742 pro

359 2780 416 2824 suo
445 2761 601 2824 interesse
632 2770 688 2825 aut
718 2759 796 2824 alias
828 2769 940 2824 contra
969 2759 1151 2826 huiusmodi
1181 2759 1351 2826 eleccionis
1381 2762 1473 2826 vlres
1503 2769 1556 2825 aut

358 2885 530 2951 personam
560 2873 649 2929 tuam
679 2863 799 2950 aliquid
828 2886 991 2950 opponere
1018 2863 1071 2930 vel
1094 2864 1317 2931 contradicere
1339 2864 1450 2950 vellet,
1474 2887 1555 2930 com·

359 2969 529 3057 paruisset,
553 2967 594 3032 de
616 2979 673 3033 tua
694 2968 853 3033 industria
875 2968 1036 3054 legalitate
1061 2979 1093 3034 et
1113 2968 1301 3057 ydoneitate
1323 2969 1502 3056 plurimum
1523 2978 1556 3033 ut

359 3076 553 3160 premittitur
575 3072 774 3138 confidentes
797 3085 830 3138 te
852 3075 1000 3158 regimini
1023 3084 1056 3138 et
1077 3073 1208 3139 abbatie
1232 3077 1416 3140 monasterii
1440 3075 1557 3162 prefati

361 3201 404 3243 ex
426 3190 533 3243 nostre
557 3181 755 3244 auctoritatis
779 3177 939 3244 ordinarie
962 3178 1162 3266 plenitudine
1185 3189 1275 3244 certa
1297 3179 1440 3266 denique
1456 3181 1555 3245 scien·

362 3285 412 3348 cia
443 3282 594 3348 duximus
621 3283 858 3370 preficiendum
879 3293 976 3370 teque
998 3285 1031 3349 in
1053 3284 1213 3370 prelatum
1236 3295 1267 3349 et
1289 3282 1444 3350 abbatem
1468 3307 1555 3370 sepe·

362 3387 436 3452 dicti
468 3391 652 3453 monasterii
676 3387 901 3454 Gottwicensis
923 3387 1048 3453 -eadem
1070 3391 1260 3454 auctoritate
1283 3389 1504 3476 approbamus
1527 3397 1557 3452 et

362 3492 611 3558 confirmamus²
641 3515 700 3580 per
725 3502 893 3579 presentes
916 3494 1124 3560 investientes
1147 3503 1179 3558 tc
1202 3515 1261 3580 per
1283 3492 1392 3558 annuli
1414 3493 1556 3558 traditio

361 3620 445 3681 nem,
469 3606 505 3662 ut
527 3599 622 3662 moris
646 3607 704 3681 cst,
728 3597 769 3661 de
793 3596 908 3662 eadem
930 3599 962 3662 in
986 3601 1115 3662 nomine
1138 3600 1238 3685 patris
1261 3608 1293 3662 et
1307 3598 1364 3662 filii
1379 3607 1411 3662 ct
1426 3600 1556 3685 spiritus

363 3703 463 3766 sancti
487 3723 599 3767 curam
621 3705 800 3767 animarum
823 3703 966 3788 regimen
989 3724 1029 3767 ac
1052 3703 1264 3789 spiritualium
1286 3712 1318 3768 et
1332 3703 1557 3789 temporalium

363 3805 668 3872 administrationem
698 3806 842 3872 eiusdem
873 3807 1036 3894 prelature
1067 3817 1100 3872 et
1125 3809 1310 3874 monasterii
1331 3807 1389 3872 tibi
1412 3807 1557 3894 plenarie

364 3913 597 3977 committentes
612 3911 737 3995 harum,
758 3911 875 3997 quibus
891 3921 1033 3976 nostrum
1051 3911 1189 3996 sigillum
1205 3934 1383 3999 appensum
1399 3921 1459 3997 est,
1475 3913 1557 3976 testi·

362 4017 467 4080 monio
501 4017 687 4082 litterarum.
733 4016 857 4081 Datum
891 4026 924 4081 et
952 4027 1061 4082 actum
1088 4018 1228 4084 Wienne
1257 4019 1291 4082 in
1325 4019 1415 4082 curia
1448 4027 1558 4082 nostra

364 4121 537 4209 episcopali
559 4144 598 4186 ae
622 4119 768 4207 cappella
791 4121 886 4187 beate
902 4120 1006 4185 Mario
1025 4124 1159 4208 virginis
1174 4145 1304 4187 annexa
1319 4132 1413 4186 sexta
1429 4121 1556 4186 decima

365 4225 416 4291 dle
439 4227 558 4290 mensis
580 4227 686 4291 martii
707 4249 792 4292 auno
817 4225 935 4291 domini
955 4225 1121 4292 millesimo
1138 4227 1450 4314 quadringentesimo
1466 4227 1555 4312 quin·

364 4330 551 4415 quagesimo
574 4333 717 4417 septimo.

365 4593 448 4649 1427.
468 4593 480 4624 ¹
498 4595 552 4644 Dus
571 4593 721 4659 Registrum
734 4595 844 4646 Martini
862 4594 968 4646 abbatis
986 4593 1084 4662 (Signa
1103 4595 1134 4646 L.
1152 4595 1252 4660 XVIII,
1271 4593 1299 4661 6)
1318 4594 1391 4645 fflhrt
1408 4600 1487 4646 unter
1504 4593 1557 4644 deu

365 4682 508 4748 Ausgaben
526 4680 570 4731 lllr
590 4681 655 4731 1457
674 4688 753 4732 unter
770 4681 897 4731 auderem
916 4682 975 4732 aul:
1002 4682 1065 4733 Item
1082 4681 1184 4733 (Ζοηιότιο
1201 4684 1351 4734 Putasses
1367 4685 1396 4732 s'n
1413 4682 1455 4733 ds'e
1471 4687 1558 4732 smne

367 4769 515 4820 Potentiam
532 4770 640 4834 uirginis
658 4771 701 4831 (-·=
717 4768 878 4820 Ραὼιιίωω
891 4769 948 4820 Mas
960 4773 1007 4832 19)
1020 4787 1072 4836 pro
1082 4770 1274 4836 conflatam
1285 4773 1418 4822 umis
1430 4769 1453 4820 L
1463 4766 1500 4825 dd
1515 4771 1556 4835 «ἦ.
