<?xml version="1.0" encoding="UTF-8"?>
<!DOCTYPE html PUBLIC "-//W3C//DTD XHTML 1.0 Transitional//EN"
    "http://www.w3.org/TR/xhtml1/DTD/xhtml1-transitional.dtd">
<html xmlns="http://www.w3.org/1999/xhtml" xml:lang="en" lang="en">
 <head>
  <title>
</title>
<meta http-equiv="Content-Type" content="text/html;charset=utf-8" />
  <meta name='ocr-system' content='tesseract 3.04.00' />
  <meta name='ocr-capabilities' content='ocr_page ocr_carea ocr_par ocr_line ocrx_word'/>
</head>
<body>
  <div class='ocr_page' id='page_1' title='image "./relationenvenet15fiedgoog/relationenvenet15fiedgoog_0321.png"; bbox 0 0 3250 5500; ppageno 0'>
   <div class='ocr_carea' id='block_1_1' title="bbox 1230 515 1293 584">
    <p class='ocr_par' dir='ltr' id='par_1_1' title="bbox 1230 515 1293 584">
     <span class='ocr_line' id='line_1_1' title="bbox 1230 515 1293 584; baseline -0.016 0"><span class='ocrx_word' id='word_1_1' title='bbox 1230 515 1293 584; x_wconf 82' lang='lat' dir='ltr'>30&#39;l</span> 
     </span>
    </p>
   </div>
   <div class='ocr_carea' id='block_1_2' title="bbox 87 703 1296 3506">
    <p class='ocr_par' dir='ltr' id='par_1_2' title="bbox 88 703 1296 2964">
     <span class='ocr_line' id='line_1_2' title="bbox 99 703 1295 793; baseline 0.003 -24"><span class='ocrx_word' id='word_1_2' title='bbox 99 726 158 769; x_wconf 89' lang='lat' dir='ltr'>sen</span> <span class='ocrx_word' id='word_1_3' title='bbox 181 707 291 791; x_wconf 89' lang='lat' dir='ltr'>granis</span> <span class='ocrx_word' id='word_1_4' title='bbox 315 703 394 771; x_wconf 90' lang='lat' dir='ltr'>dare</span> <span class='ocrx_word' id='word_1_5' title='bbox 424 705 584 771; x_wconf 83' lang='lat' dir='ltr'>voluerint</span> <span class='ocrx_word' id='word_1_6' title='bbox 612 713 669 772; x_wconf 87' lang='lat' dir='ltr'>aut</span> <span class='ocrx_word' id='word_1_7' title='bbox 698 705 725 771; x_wconf 87' lang='lat' dir='ltr'>si</span> <span class='ocrx_word' id='word_1_8' title='bbox 754 703 835 772; x_wconf 77' lang='lat' dir='ltr'>forte</span> <span class='ocrx_word' id='word_1_9' title='bbox 864 706 942 793; x_wconf 84' lang='lat' dir='ltr'>ipsis</span> <span class='ocrx_word' id='word_1_10' title='bbox 972 705 1221 774; x_wconf 74' lang='lat' dir='ltr'>conductoribus</span> <span class='ocrx_word' id='word_1_11' title='bbox 1251 731 1295 773; x_wconf 84' lang='lat' dir='ltr'>ex</span> 
     </span>
     <span class='ocr_line' id='line_1_3' title="bbox 98 810 1294 899; baseline 0.003 -26"><span class='ocrx_word' id='word_1_12' title='bbox 98 831 199 874; x_wconf 88' lang='lat' dir='ltr'>causa</span> <span class='ocrx_word' id='word_1_13' title='bbox 224 810 413 875; x_wconf 90' lang='lat' dir='ltr'>racionabili</span> <span class='ocrx_word' id='word_1_14' title='bbox 446 813 587 898; x_wconf 87' lang='lat' dir='ltr'>equitate</span> <span class='ocrx_word' id='word_1_15' title='bbox 615 814 800 897; x_wconf 77' lang='lat' dir='ltr'>requirente</span> <span class='ocrx_word' id='word_1_16' title='bbox 830 834 982 898; x_wconf 88' lang='lat' dir='ltr'>umquam</span> <span class='ocrx_word' id='word_1_17' title='bbox 1015 812 1121 899; x_wconf 87' lang='lat' dir='ltr'>aliqua</span> <span class='ocrx_word' id='word_1_18' title='bbox 1150 815 1294 877; x_wconf 76' lang='lat' dir='ltr'>remissio</span> 
     </span>
     <span class='ocr_line' id='line_1_4' title="bbox 94 913 1294 1002; baseline 0.003 -25"><span class='ocrx_word' id='word_1_19' title='bbox 94 915 194 978; x_wconf 84' lang='lat' dir='ltr'>fuerit</span> <span class='ocrx_word' id='word_1_20' title='bbox 217 913 376 998; x_wconf 84' lang='lat' dir='ltr'>facienda,</span> <span class='ocrx_word' id='word_1_21' title='bbox 401 915 486 1001; x_wconf 93' lang='lat' dir='ltr'>quod</span> <span class='ocrx_word' id='word_1_22' title='bbox 510 913 553 980; x_wconf 92' lang='lat' dir='ltr'>ad</span> <span class='ocrx_word' id='word_1_23' title='bbox 577 913 638 980; x_wconf 91' lang='lat' dir='ltr'>hoc</span> <span class='ocrx_word' id='word_1_24' title='bbox 661 917 828 1001; x_wconf 86' lang='lat' dir='ltr'>utriusque</span> <span class='ocrx_word' id='word_1_25' title='bbox 855 918 955 1002; x_wconf 90' lang='lat' dir='ltr'>partis</span> <span class='ocrx_word' id='word_1_26' title='bbox 986 915 1105 982; x_wconf 89' lang='lat' dir='ltr'>debeat</span> <span class='ocrx_word' id='word_1_27' title='bbox 1134 916 1294 982; x_wconf 87' lang='lat' dir='ltr'>accedere</span> 
     </span>
     <span class='ocr_line' id='line_1_5' title="bbox 95 1021 1294 1105; baseline 0.003 -23"><span class='ocrx_word' id='word_1_28' title='bbox 95 1039 274 1083; x_wconf 77' lang='lat' dir='ltr'>consensus</span> <span class='ocrx_word' id='word_1_29' title='bbox 309 1029 341 1084; x_wconf 91' lang='lat' dir='ltr'>et</span> <span class='ocrx_word' id='word_1_30' title='bbox 374 1029 488 1084; x_wconf 88' lang='lat' dir='ltr'>neutra</span> <span class='ocrx_word' id='word_1_31' title='bbox 521 1041 596 1105; x_wconf 90' lang='lat' dir='ltr'>pars</span> <span class='ocrx_word' id='word_1_32' title='bbox 627 1022 696 1084; x_wconf 88' lang='lat' dir='ltr'>sine</span> <span class='ocrx_word' id='word_1_33' title='bbox 730 1041 891 1085; x_wconf 90' lang='lat' dir='ltr'>consensu</span> <span class='ocrx_word' id='word_1_34' title='bbox 924 1021 1054 1086; x_wconf 87' lang='lat' dir='ltr'>alterius</span> <span class='ocrx_word' id='word_1_35' title='bbox 1088 1021 1149 1085; x_wconf 90' lang='lat' dir='ltr'>hoc</span> <span class='ocrx_word' id='word_1_36' title='bbox 1184 1021 1294 1086; x_wconf 86' lang='lat' dir='ltr'>facere</span> 
     </span>
     <span class='ocr_line' id='line_1_6' title="bbox 96 1121 1295 1212; baseline 0.003 -26"><span class='ocrx_word' id='word_1_37' title='bbox 96 1121 219 1188; x_wconf 85' lang='lat' dir='ltr'>habeat</span> <span class='ocrx_word' id='word_1_38' title='bbox 249 1125 309 1188; x_wconf 90' lang='lat' dir='ltr'>isto</span> <span class='ocrx_word' id='word_1_39' title='bbox 343 1125 508 1210; x_wconf 81' lang='lat' dir='ltr'>signanter</span> <span class='ocrx_word' id='word_1_40' title='bbox 541 1123 678 1210; x_wconf 85' lang='lat' dir='ltr'>adiecto,</span> <span class='ocrx_word' id='word_1_41' title='bbox 713 1127 739 1190; x_wconf 90' lang='lat' dir='ltr'>si</span> <span class='ocrx_word' id='word_1_42' title='bbox 773 1124 870 1190; x_wconf 88' lang='lat' dir='ltr'>ambe</span> <span class='ocrx_word' id='word_1_43' title='bbox 902 1135 1012 1212; x_wconf 87' lang='lat' dir='ltr'>partes</span> <span class='ocrx_word' id='word_1_44' title='bbox 1045 1127 1078 1190; x_wconf 94' lang='lat' dir='ltr'>in</span> <span class='ocrx_word' id='word_1_45' title='bbox 1112 1125 1295 1190; x_wconf 88' lang='lat' dir='ltr'>huiusmodi</span> 
     </span>
     <span class='ocr_line' id='line_1_7' title="bbox 93 1225 1292 1314; baseline 0.003 -23"><span class='ocrx_word' id='word_1_46' title='bbox 93 1225 357 1314; x_wconf 89' lang='lat' dir='ltr'>redempcionem</span> <span class='ocrx_word' id='word_1_47' title='bbox 369 1249 425 1292; x_wconf 89' lang='lat' dir='ltr'>seu</span> <span class='ocrx_word' id='word_1_48' title='bbox 438 1230 658 1293; x_wconf 84' lang='lat' dir='ltr'>remissionem</span> <span class='ocrx_word' id='word_1_49' title='bbox 673 1228 844 1294; x_wconf 77' lang='lat' dir='ltr'>bladorum</span> <span class='ocrx_word' id='word_1_50' title='bbox 859 1230 952 1294; x_wconf 88' lang='lat' dir='ltr'>simul</span> <span class='ocrx_word' id='word_1_51' title='bbox 968 1232 1149 1295; x_wconf 89' lang='lat' dir='ltr'>consentire</span> <span class='ocrx_word' id='word_1_52' title='bbox 1161 1229 1292 1312; x_wconf 83' lang='lat' dir='ltr'>nollent,</span> 
     </span>
     <span class='ocr_line' id='line_1_8' title="bbox 93 1330 1293 1420; baseline 0.002 -25"><span class='ocrx_word' id='word_1_53' title='bbox 93 1330 182 1416; x_wconf 89' lang='lat' dir='ltr'>quod</span> <span class='ocrx_word' id='word_1_54' title='bbox 205 1341 326 1396; x_wconf 80' lang='lat' dir='ltr'>extunc</span> <span class='ocrx_word' id='word_1_55' title='bbox 349 1331 475 1396; x_wconf 87' lang='lat' dir='ltr'>salvum</span> <span class='ocrx_word' id='word_1_56' title='bbox 498 1335 538 1397; x_wconf 90' lang='lat' dir='ltr'>sit</span> <span class='ocrx_word' id='word_1_57' title='bbox 559 1336 608 1397; x_wconf 88' lang='lat' dir='ltr'>ius</span> <span class='ocrx_word' id='word_1_58' title='bbox 632 1332 764 1398; x_wconf 83' lang='lat' dir='ltr'>cuilibet</span> <span class='ocrx_word' id='word_1_59' title='bbox 785 1336 929 1419; x_wconf 88' lang='lat' dir='ltr'>ipsarum</span> <span class='ocrx_word' id='word_1_60' title='bbox 944 1336 1091 1420; x_wconf 90' lang='lat' dir='ltr'>parcium</span> <span class='ocrx_word' id='word_1_61' title='bbox 1107 1343 1162 1398; x_wconf 89' lang='lat' dir='ltr'>aut</span> <span class='ocrx_word' id='word_1_62' title='bbox 1177 1354 1293 1419; x_wconf 89' lang='lat' dir='ltr'>peccu-</span> 
     </span>
     <span class='ocr_line' id='line_1_9' title="bbox 92 1434 1292 1524; baseline 0.003 -26"><span class='ocrx_word' id='word_1_63' title='bbox 92 1437 164 1499; x_wconf 88' lang='lat' dir='ltr'>nias</span> <span class='ocrx_word' id='word_1_64' title='bbox 187 1435 240 1500; x_wconf 87' lang='lat' dir='ltr'>vel</span> <span class='ocrx_word' id='word_1_65' title='bbox 264 1434 371 1520; x_wconf 85' lang='lat' dir='ltr'>blada,</span> <span class='ocrx_word' id='word_1_66' title='bbox 395 1445 550 1522; x_wconf 90' lang='lat' dir='ltr'>quantum</span> <span class='ocrx_word' id='word_1_67' title='bbox 572 1439 676 1522; x_wconf 85' lang='lat' dir='ltr'>ipsam</span> <span class='ocrx_word' id='word_1_68' title='bbox 698 1446 824 1523; x_wconf 88' lang='lat' dir='ltr'>partem</span> <span class='ocrx_word' id='word_1_69' title='bbox 846 1441 1037 1503; x_wconf 81' lang='lat' dir='ltr'>renitentem</span> <span class='ocrx_word' id='word_1_70' title='bbox 1051 1460 1110 1524; x_wconf 90' lang='lat' dir='ltr'>pro</span> <span class='ocrx_word' id='word_1_71' title='bbox 1125 1461 1185 1502; x_wconf 86' lang='lat' dir='ltr'>sua</span> <span class='ocrx_word' id='word_1_72' title='bbox 1200 1447 1292 1524; x_wconf 82' lang='lat' dir='ltr'>parte</span> 
     </span>
     <span class='ocr_line' id='line_1_10' title="bbox 92 1541 1294 1628; baseline 0.002 -25"><span class='ocrx_word' id='word_1_73' title='bbox 92 1541 186 1605; x_wconf 79' lang='lat' dir='ltr'>iuxta</span> <span class='ocrx_word' id='word_1_74' title='bbox 219 1549 323 1605; x_wconf 81' lang='lat' dir='ltr'>ratam</span> <span class='ocrx_word' id='word_1_75' title='bbox 362 1543 531 1626; x_wconf 88' lang='lat' dir='ltr'>contingit,</span> <span class='ocrx_word' id='word_1_76' title='bbox 566 1541 607 1606; x_wconf 93' lang='lat' dir='ltr'>ab</span> <span class='ocrx_word' id='word_1_77' title='bbox 638 1543 716 1627; x_wconf 90' lang='lat' dir='ltr'>ipsis</span> <span class='ocrx_word' id='word_1_78' title='bbox 747 1541 997 1608; x_wconf 81' lang='lat' dir='ltr'>decimatnribus</span> <span class='ocrx_word' id='word_1_79' title='bbox 1030 1542 1207 1628; x_wconf 90' lang='lat' dir='ltr'>recipiendi</span> <span class='ocrx_word' id='word_1_80' title='bbox 1237 1551 1294 1606; x_wconf 91' lang='lat' dir='ltr'>aut</span> 
     </span>
     <span class='ocr_line' id='line_1_11' title="bbox 91 1644 1290 1732; baseline 0.001 -24"><span class='ocrx_word' id='word_1_81' title='bbox 91 1647 315 1709; x_wconf 88' lang='lat' dir='ltr'>remissionem</span> <span class='ocrx_word' id='word_1_82' title='bbox 351 1644 500 1710; x_wconf 89' lang='lat' dir='ltr'>faciendi.</span> <span class='ocrx_word' id='word_1_83' title='bbox 555 1645 638 1710; x_wconf 88' lang='lat' dir='ltr'>Item</span> <span class='ocrx_word' id='word_1_84' title='bbox 674 1648 900 1732; x_wconf 82' lang='lat' dir='ltr'>pronunciavit</span> <span class='ocrx_word' id='word_1_85' title='bbox 935 1645 1081 1711; x_wconf 86' lang='lat' dir='ltr'>laudavit</span> <span class='ocrx_word' id='word_1_86' title='bbox 1117 1655 1150 1710; x_wconf 93' lang='lat' dir='ltr'>et</span> <span class='ocrx_word' id='word_1_87' title='bbox 1188 1645 1290 1710; x_wconf 87' lang='lat' dir='ltr'>decla·</span> 
     </span>
     <span class='ocr_line' id='line_1_12' title="bbox 93 1748 1293 1836; baseline 0.001 -24"><span class='ocrx_word' id='word_1_88' title='bbox 93 1751 187 1832; x_wconf 86' lang='lat' dir='ltr'>ravit,</span> <span class='ocrx_word' id='word_1_89' title='bbox 213 1748 298 1834; x_wconf 93' lang='lat' dir='ltr'>quod</span> <span class='ocrx_word' id='word_1_90' title='bbox 322 1771 433 1814; x_wconf 90' lang='lat' dir='ltr'>omnes</span> <span class='ocrx_word' id='word_1_91' title='bbox 465 1759 497 1814; x_wconf 89' lang='lat' dir='ltr'>et</span> <span class='ocrx_word' id='word_1_92' title='bbox 527 1750 652 1836; x_wconf 83' lang='lat' dir='ltr'>singule</span> <span class='ocrx_word' id='word_1_93' title='bbox 683 1750 899 1816; x_wconf 84' lang='lat' dir='ltr'>dissensiones</span> <span class='ocrx_word' id='word_1_94' title='bbox 929 1761 963 1816; x_wconf 90' lang='lat' dir='ltr'>et</span> <span class='ocrx_word' id='word_1_95' title='bbox 993 1751 1180 1816; x_wconf 84' lang='lat' dir='ltr'>differencie</span> <span class='ocrx_word' id='word_1_96' title='bbox 1209 1753 1293 1814; x_wconf 88' lang='lat' dir='ltr'>iuter</span> 
     </span>
     <span class='ocr_line' id='line_1_13' title="bbox 92 1854 1291 1939; baseline 0.003 -22"><span class='ocrx_word' id='word_1_97' title='bbox 92 1856 180 1939; x_wconf 88' lang='lat' dir='ltr'>ipsas</span> <span class='ocrx_word' id='word_1_98' title='bbox 210 1863 317 1938; x_wconf 88' lang='lat' dir='ltr'>partes</span> <span class='ocrx_word' id='word_1_99' title='bbox 346 1854 509 1939; x_wconf 89' lang='lat' dir='ltr'>predictas</span> <span class='ocrx_word' id='word_1_100' title='bbox 533 1863 565 1920; x_wconf 90' lang='lat' dir='ltr'>et</span> <span class='ocrx_word' id='word_1_101' title='bbox 587 1855 741 1920; x_wconf 86' lang='lat' dir='ltr'>officiales</span> <span class='ocrx_word' id='word_1_102' title='bbox 764 1865 796 1920; x_wconf 92' lang='lat' dir='ltr'>et</span> <span class='ocrx_word' id='word_1_103' title='bbox 818 1855 963 1920; x_wconf 90' lang='lat' dir='ltr'>subditos</span> <span class='ocrx_word' id='word_1_104' title='bbox 994 1856 1171 1920; x_wconf 88' lang='lat' dir='ltr'>earundem</span> <span class='ocrx_word' id='word_1_105' title='bbox 1201 1877 1291 1920; x_wconf 87' lang='lat' dir='ltr'>occa·</span> 
     </span>
     <span class='ocr_line' id='line_1_14' title="bbox 92 1958 1292 2046; baseline 0.003 -25"><span class='ocrx_word' id='word_1_106' title='bbox 92 1960 181 2022; x_wconf 87' lang='lat' dir='ltr'>sione</span> <span class='ocrx_word' id='word_1_107' title='bbox 206 1981 304 2022; x_wconf 87' lang='lat' dir='ltr'>cause</span> <span class='ocrx_word' id='word_1_108' title='bbox 334 1958 481 2044; x_wconf 88' lang='lat' dir='ltr'>predicte</span> <span class='ocrx_word' id='word_1_109' title='bbox 511 1959 642 2024; x_wconf 88' lang='lat' dir='ltr'>suborte</span> <span class='ocrx_word' id='word_1_110' title='bbox 671 1962 799 2046; x_wconf 88' lang='lat' dir='ltr'>penitus</span> <span class='ocrx_word' id='word_1_111' title='bbox 830 1969 863 2024; x_wconf 88' lang='lat' dir='ltr'>et</span> <span class='ocrx_word' id='word_1_112' title='bbox 892 1963 1020 2025; x_wconf 93' lang='lat' dir='ltr'>omnino</span> <span class='ocrx_word' id='word_1_113' title='bbox 1050 1960 1191 2025; x_wconf 86' lang='lat' dir='ltr'>debeant</span> <span class='ocrx_word' id='word_1_114' title='bbox 1220 1981 1292 2024; x_wconf 87' lang='lat' dir='ltr'>esse</span> 
     </span>
     <span class='ocr_line' id='line_1_15' title="bbox 90 2064 1292 2151; baseline 0.002 -24"><span class='ocrx_word' id='word_1_115' title='bbox 90 2067 194 2149; x_wconf 91' lang='lat' dir='ltr'>sopite</span> <span class='ocrx_word' id='word_1_116' title='bbox 220 2073 251 2128; x_wconf 93' lang='lat' dir='ltr'>et</span> <span class='ocrx_word' id='word_1_117' title='bbox 274 2064 468 2128; x_wconf 90' lang='lat' dir='ltr'>concordate</span> <span class='ocrx_word' id='word_1_118' title='bbox 491 2074 523 2128; x_wconf 89' lang='lat' dir='ltr'>et</span> <span class='ocrx_word' id='word_1_119' title='bbox 539 2064 625 2151; x_wconf 90' lang='lat' dir='ltr'>quod</span> <span class='ocrx_word' id='word_1_120' title='bbox 641 2075 756 2130; x_wconf 87' lang='lat' dir='ltr'>neutra</span> <span class='ocrx_word' id='word_1_121' title='bbox 772 2068 919 2150; x_wconf 88' lang='lat' dir='ltr'>parcium</span> <span class='ocrx_word' id='word_1_122' title='bbox 942 2064 1061 2130; x_wconf 90' lang='lat' dir='ltr'>debeat</span> <span class='ocrx_word' id='word_1_123' title='bbox 1075 2065 1171 2130; x_wconf 87' lang='lat' dir='ltr'>aliam</span> <span class='ocrx_word' id='word_1_124' title='bbox 1194 2087 1292 2151; x_wconf 89' lang='lat' dir='ltr'>super</span> 
     </span>
     <span class='ocr_line' id='line_1_16' title="bbox 91 2167 1291 2256; baseline 0.002 -25"><span class='ocrx_word' id='word_1_125' title='bbox 91 2168 153 2231; x_wconf 87' lang='lat' dir='ltr'>hiis</span> <span class='ocrx_word' id='word_1_126' title='bbox 176 2167 278 2232; x_wconf 88' lang='lat' dir='ltr'>verbo</span> <span class='ocrx_word' id='word_1_127' title='bbox 301 2168 355 2233; x_wconf 88' lang='lat' dir='ltr'>vel</span> <span class='ocrx_word' id='word_1_128' title='bbox 377 2169 462 2232; x_wconf 84' lang='lat' dir='ltr'>facto</span> <span class='ocrx_word' id='word_1_129' title='bbox 487 2170 665 2254; x_wconf 89' lang='lat' dir='ltr'>inquietare</span> <span class='ocrx_word' id='word_1_130' title='bbox 688 2169 742 2234; x_wconf 86' lang='lat' dir='ltr'>vel</span> <span class='ocrx_word' id='word_1_131' title='bbox 772 2169 835 2234; x_wconf 90' lang='lat' dir='ltr'>sibi</span> <span class='ocrx_word' id='word_1_132' title='bbox 866 2171 1066 2256; x_wconf 87' lang='lat' dir='ltr'>questionem</span> <span class='ocrx_word' id='word_1_133' title='bbox 1096 2191 1228 2234; x_wconf 83' lang='lat' dir='ltr'>movere</span> <span class='ocrx_word' id='word_1_134' title='bbox 1259 2173 1291 2234; x_wconf 93' lang='lat' dir='ltr'>in</span> 
     </span>
     <span class='ocr_line' id='line_1_17' title="bbox 90 2272 1290 2360; baseline 0.002 -24"><span class='ocrx_word' id='word_1_135' title='bbox 90 2272 212 2336; x_wconf 88' lang='lat' dir='ltr'>iudicio</span> <span class='ocrx_word' id='word_1_136' title='bbox 236 2280 292 2338; x_wconf 90' lang='lat' dir='ltr'>aut</span> <span class='ocrx_word' id='word_1_137' title='bbox 322 2282 415 2338; x_wconf 87' lang='lat' dir='ltr'>extra</span> <span class='ocrx_word' id='word_1_138' title='bbox 445 2272 599 2338; x_wconf 90' lang='lat' dir='ltr'>indicium</span> <span class='ocrx_word' id='word_1_139' title='bbox 631 2275 745 2358; x_wconf 90' lang='lat' dir='ltr'>quovis</span> <span class='ocrx_word' id='word_1_140' title='bbox 776 2276 900 2360; x_wconf 84' lang='lat' dir='ltr'>quesite</span> <span class='ocrx_word' id='word_1_141' title='bbox 930 2277 1058 2358; x_wconf 89' lang='lat' dir='ltr'>ingenio</span> <span class='ocrx_word' id='word_1_142' title='bbox 1086 2296 1144 2339; x_wconf 90' lang='lat' dir='ltr'>seu</span> <span class='ocrx_word' id='word_1_143' title='bbox 1174 2273 1290 2338; x_wconf 89' lang='lat' dir='ltr'>colore.</span> 
     </span>
     <span class='ocr_line' id='line_1_18' title="bbox 90 2377 1291 2460; baseline 0.001 -19"><span class='ocrx_word' id='word_1_144' title='bbox 90 2377 218 2442; x_wconf 76' lang='lat' dir='ltr'>Feruor</span> <span class='ocrx_word' id='word_1_145' title='bbox 240 2382 317 2442; x_wconf 77' lang='lat' dir='ltr'>seiri</span> <span class='ocrx_word' id='word_1_146' title='bbox 340 2399 373 2442; x_wconf 84' lang='lat' dir='ltr'>er</span> <span class='ocrx_word' id='word_1_147' title='bbox 395 2378 462 2459; x_wconf 78' lang='lat' dir='ltr'>aas</span> <span class='ocrx_word' id='word_1_148' title='bbox 477 2378 529 2442; x_wconf 84' lang='lat' dir='ltr'>die</span> <span class='ocrx_word' id='word_1_149' title='bbox 551 2377 737 2460; x_wconf 76' lang='lat' dir='ltr'>Verletruny</span> <span class='ocrx_word' id='word_1_150' title='bbox 759 2379 859 2443; x_wconf 84' lang='lat' dir='ltr'>dieses</span> <span class='ocrx_word' id='word_1_151' title='bbox 873 2377 1145 2460; x_wconf 74' lang='lat' dir='ltr'>Sobiedspruehrs,</span> <span class='ocrx_word' id='word_1_152' title='bbox 1160 2378 1291 2444; x_wconf 74' lang='lat' dir='ltr'>weuuer</span> 
     </span>
     <span class='ocr_line' id='line_1_19' title="bbox 90 2481 1291 2564; baseline 0.002 -21"><span class='ocrx_word' id='word_1_153' title='bbox 90 2481 272 2546; x_wconf 82' lang='lat' dir='ltr'>beiderscits</span> <span class='ocrx_word' id='word_1_154' title='bbox 294 2501 518 2563; x_wconf 78' lang='lat' dir='ltr'>anpeuommea</span> <span class='ocrx_word' id='word_1_155' title='bbox 540 2481 657 2561; x_wconf 75' lang='lat' dir='ltr'>worda,</span> <span class='ocrx_word' id='word_1_156' title='bbox 681 2481 756 2545; x_wconf 86' lang='lat' dir='ltr'>oder</span> <span class='ocrx_word' id='word_1_157' title='bbox 778 2483 866 2546; x_wconf 81' lang='lat' dir='ltr'>einer</span> <span class='ocrx_word' id='word_1_158' title='bbox 888 2482 1048 2547; x_wconf 60' lang='lat' dir='ltr'>amanen</span> <span class='ocrx_word' id='word_1_159' title='bbox 1068 2482 1291 2564; x_wconf 74' lang='lat' dir='ltr'>Bestimmunp</span> 
     </span>
     <span class='ocr_line' id='line_1_20' title="bbox 88 2585 1296 2668; baseline 0.003 -20"><span class='ocrx_word' id='word_1_160' title='bbox 88 2585 158 2649; x_wconf 80' lang='lat' dir='ltr'>eine</span> <span class='ocrx_word' id='word_1_161' title='bbox 181 2585 293 2667; x_wconf 78' lang='lat' dir='ltr'>Strafc</span> <span class='ocrx_word' id='word_1_162' title='bbox 314 2607 374 2650; x_wconf 84' lang='lat' dir='ltr'>von</span> <span class='ocrx_word' id='word_1_163' title='bbox 389 2591 455 2652; x_wconf 85' lang='lat'>200</span> <span class='ocrx_word' id='word_1_164' title='bbox 469 2585 678 2668; x_wconf 60' lang='lat' dir='ltr'>[iampridem</span> <span class='ocrx_word' id='word_1_165' title='bbox 702 2585 813 2650; x_wconf 76' lang='lat' dir='ltr'>welelre</span> <span class='ocrx_word' id='word_1_166' title='bbox 827 2607 871 2650; x_wconf 84' lang='lat' dir='ltr'>au</span> <span class='ocrx_word' id='word_1_167' title='bbox 886 2588 947 2651; x_wconf 85' lang='lat' dir='ltr'>den</span> <span class='ocrx_word' id='word_1_168' title='bbox 963 2586 1140 2668; x_wconf 76' lang='lat' dir='ltr'>jeweilipeu</span> <span class='ocrx_word' id='word_1_169' title='bbox 1155 2586 1296 2668; x_wconf 70' lang='lat' dir='ltr'>Bisaltas</span> 
     </span>
     <span class='ocr_line' id='line_1_21' title="bbox 88 2688 1291 2773; baseline 0.002 -20"><span class='ocrx_word' id='word_1_170' title='bbox 88 2711 150 2754; x_wconf 82' lang='lat' dir='ltr'>oon</span> <span class='ocrx_word' id='word_1_171' title='bbox 173 2688 302 2755; x_wconf 79' lang='lat' dir='ltr'>Persou</span> <span class='ocrx_word' id='word_1_172' title='bbox 323 2711 364 2756; x_wconf 78' lang='lat' dir='ltr'>au</span> <span class='ocrx_word' id='word_1_173' title='bbox 387 2690 498 2757; x_wconf 72' lang='lat' dir='ltr'>rabien</span> <span class='ocrx_word' id='word_1_174' title='bbox 520 2691 603 2772; x_wconf 85' lang='lat' dir='ltr'>siud,</span> <span class='ocrx_word' id='word_1_175' title='bbox 626 2691 695 2756; x_wconf 82' lang='lat' dir='ltr'>und</span> <span class='ocrx_word' id='word_1_176' title='bbox 716 2692 882 2757; x_wconf 61' lang='lat' dir='ltr'>reservam</span> <span class='ocrx_word' id='word_1_177' title='bbox 902 2691 969 2757; x_wconf 77' lang='lat' dir='ltr'>sich</span> <span class='ocrx_word' id='word_1_178' title='bbox 990 2692 1051 2757; x_wconf 84' lang='lat' dir='ltr'>dos</span> <span class='ocrx_word' id='word_1_179' title='bbox 1071 2691 1192 2772; x_wconf 68' lang='lat' dir='ltr'>Boou.</span> <span class='ocrx_word' id='word_1_180' title='bbox 1204 2691 1291 2773; x_wconf 62' lang='lat' dir='ltr'>rupe</span> 
     </span>
     <span class='ocr_line' id='line_1_22' title="bbox 88 2794 1289 2877; baseline 0 -18"><span class='ocrx_word' id='word_1_181' title='bbox 88 2794 218 2859; x_wconf 81' lang='lat' dir='ltr'>Artilrel</span> <span class='ocrx_word' id='word_1_182' title='bbox 239 2816 281 2860; x_wconf 77' lang='lat' dir='ltr'>su</span> <span class='ocrx_word' id='word_1_183' title='bbox 303 2796 542 2877; x_wconf 76' lang='lat' dir='ltr'>iuterpretieren</span> <span class='ocrx_word' id='word_1_184' title='bbox 564 2796 633 2861; x_wconf 79' lang='lat' dir='ltr'>aad</span> <span class='ocrx_word' id='word_1_185' title='bbox 659 2816 719 2860; x_wconf 79' lang='lat' dir='ltr'>oon</span> <span class='ocrx_word' id='word_1_186' title='bbox 742 2816 862 2876; x_wconf 69' lang='lat' dir='ltr'>uem,</span> <span class='ocrx_word' id='word_1_187' title='bbox 889 2816 982 2861; x_wconf 75' lang='lat' dir='ltr'>wera</span> <span class='ocrx_word' id='word_1_188' title='bbox 1008 2796 1126 2877; x_wconf 69' lang='lat' dir='ltr'>udtbip,</span> <span class='ocrx_word' id='word_1_189' title='bbox 1156 2816 1198 2860; x_wconf 77' lang='lat' dir='ltr'>aa</span> <span class='ocrx_word' id='word_1_190' title='bbox 1219 2816 1289 2859; x_wconf 87' lang='lat' dir='ltr'>oer-</span> 
     </span>
     <span class='ocr_line' id='line_1_23' title="bbox 88 2899 228 2964; baseline 0.007 -1"><span class='ocrx_word' id='word_1_191' title='bbox 88 2899 228 2964; x_wconf 64' lang='lat' dir='ltr'>laudm.</span> 
     </span>
    </p>

    <p class='ocr_par' dir='ltr' id='par_1_3' title="bbox 87 3001 1286 3403">
     <span class='ocr_line' id='line_1_24' title="bbox 195 3001 1286 3088; baseline 0.002 -23"><span class='ocrx_word' id='word_1_192' title='bbox 195 3002 332 3070; x_wconf 83' lang='lat' dir='ltr'>Datum:</span> <span class='ocrx_word' id='word_1_193' title='bbox 365 3001 450 3069; x_wconf 86' lang='lat' dir='ltr'>Acta</span> <span class='ocrx_word' id='word_1_194' title='bbox 483 3013 558 3068; x_wconf 88' lang='lat' dir='ltr'>sunt</span> <span class='ocrx_word' id='word_1_195' title='bbox 586 3003 647 3069; x_wconf 90' lang='lat' dir='ltr'>hec</span> <span class='ocrx_word' id='word_1_196' title='bbox 674 3004 826 3088; x_wconf 88' lang='lat' dir='ltr'>Wienne‚</span> <span class='ocrx_word' id='word_1_197' title='bbox 858 3004 1057 3069; x_wconf 86' lang='lat' dir='ltr'>Pataviensis</span> <span class='ocrx_word' id='word_1_198' title='bbox 1088 3004 1224 3068; x_wconf 84' lang='lat' dir='ltr'>diocesis</span> <span class='ocrx_word' id='word_1_199' title='bbox 1253 3005 1286 3068; x_wconf 91' lang='lat' dir='ltr'>in</span> 
     </span>
     <span class='ocr_line' id='line_1_25' title="bbox 89 3106 1286 3195; baseline 0 -24"><span class='ocrx_word' id='word_1_200' title='bbox 89 3108 185 3173; x_wconf 92' lang='lat' dir='ltr'>domo</span> <span class='ocrx_word' id='word_1_201' title='bbox 218 3106 408 3172; x_wconf 82' lang='lat' dir='ltr'>cancellarie</span> <span class='ocrx_word' id='word_1_202' title='bbox 439 3107 515 3173; x_wconf 88' lang='lat' dir='ltr'>dieti</span> <span class='ocrx_word' id='word_1_203' title='bbox 546 3106 666 3172; x_wconf 90' lang='lat' dir='ltr'>domini</span> <span class='ocrx_word' id='word_1_204' title='bbox 697 3112 783 3195; x_wconf 89' lang='lat' dir='ltr'>regis</span> <span class='ocrx_word' id='word_1_205' title='bbox 814 3108 938 3195; x_wconf 84' lang='lat'>(1438),</span> <span class='ocrx_word' id='word_1_206' title='bbox 969 3107 1142 3172; x_wconf 87' lang='lat' dir='ltr'>indictione</span> <span class='ocrx_word' id='word_1_207' title='bbox 1172 3110 1286 3191; x_wconf 85' lang='lat' dir='ltr'>prima,</span> 
     </span>
     <span class='ocr_line' id='line_1_26' title="bbox 89 3211 1286 3299; baseline -0.002 -24"><span class='ocrx_word' id='word_1_208' title='bbox 89 3212 140 3277; x_wconf 92' lang='lat' dir='ltr'>die</span> <span class='ocrx_word' id='word_1_209' title='bbox 165 3234 245 3277; x_wconf 85' lang='lat' dir='ltr'>vero</span> <span class='ocrx_word' id='word_1_210' title='bbox 268 3212 343 3276; x_wconf 91' lang='lat' dir='ltr'>lune</span> <span class='ocrx_word' id='word_1_211' title='bbox 366 3215 502 3298; x_wconf 88' lang='lat' dir='ltr'>septima</span> <span class='ocrx_word' id='word_1_212' title='bbox 524 3214 643 3277; x_wconf 86' lang='lat' dir='ltr'>mensis</span> <span class='ocrx_word' id='word_1_213' title='bbox 666 3213 785 3299; x_wconf 86' lang='lat' dir='ltr'>aprilis,</span> <span class='ocrx_word' id='word_1_214' title='bbox 808 3212 888 3277; x_wconf 88' lang='lat' dir='ltr'>hora</span> <span class='ocrx_word' id='word_1_215' title='bbox 920 3235 1076 3277; x_wconf 85' lang='lat' dir='ltr'>nonarum</span> <span class='ocrx_word' id='word_1_216' title='bbox 1107 3211 1160 3275; x_wconf 85' lang='lat' dir='ltr'>vel</span> <span class='ocrx_word' id='word_1_217' title='bbox 1182 3213 1286 3297; x_wconf 85' lang='lat' dir='ltr'>qnasi,</span> 
     </span>
     <span class='ocr_line' id='line_1_27' title="bbox 87 3316 1121 3403; baseline -0.002 -22"><span class='ocrx_word' id='word_1_218' title='bbox 87 3317 295 3402; x_wconf 88' lang='lat' dir='ltr'>pontificatus</span> <span class='ocrx_word' id='word_1_219' title='bbox 319 3324 380 3381; x_wconf 91' lang='lat' dir='ltr'>eto.</span> <span class='ocrx_word' id='word_1_220' title='bbox 415 3316 554 3401; x_wconf 84' lang='lat' dir='ltr'>Eugenii</span> <span class='ocrx_word' id='word_1_221' title='bbox 577 3326 637 3380; x_wconf 91' lang='lat' dir='ltr'>etc.</span> <span class='ocrx_word' id='word_1_222' title='bbox 655 3338 739 3403; x_wconf 85' lang='lat' dir='ltr'>pape</span> <span class='ocrx_word' id='word_1_223' title='bbox 763 3319 868 3401; x_wconf 89' lang='lat' dir='ltr'>quarti</span> <span class='ocrx_word' id='word_1_224' title='bbox 890 3339 975 3381; x_wconf 89' lang='lat' dir='ltr'>anno</span> <span class='ocrx_word' id='word_1_225' title='bbox 998 3326 1121 3380; x_wconf 87' lang='lat' dir='ltr'>octavo.</span> 
     </span>
    </p>

    <p class='ocr_par' dir='ltr' id='par_1_4' title="bbox 195 3419 1286 3506">
     <span class='ocr_line' id='line_1_28' title="bbox 195 3419 1286 3506; baseline -0.002 -22"><span class='ocrx_word' id='word_1_226' title='bbox 195 3420 340 3503; x_wconf 75' lang='lat' dir='ltr'>Zcupcn:</span> <span class='ocrx_word' id='word_1_227' title='bbox 376 3420 579 3506; x_wconf 89' lang='lat' dir='ltr'>presentibus</span> <span class='ocrx_word' id='word_1_228' title='bbox 607 3419 728 3485; x_wconf 89' lang='lat' dir='ltr'>ibidem</span> <span class='ocrx_word' id='word_1_229' title='bbox 758 3420 907 3506; x_wconf 87' lang='lat' dir='ltr'>religioso</span> <span class='ocrx_word' id='word_1_230' title='bbox 934 3420 1122 3503; x_wconf 86' lang='lat' dir='ltr'>honorabili,</span> <span class='ocrx_word' id='word_1_231' title='bbox 1153 3422 1286 3483; x_wconf 90' lang='lat' dir='ltr'>circum·</span> 
     </span>
    </p>
   </div>
   <div class='ocr_carea' id='block_1_3' title="bbox 87 3523 1286 4009">
    <p class='ocr_par' dir='ltr' id='par_1_5' title="bbox 87 3523 1286 4009">
     <span class='ocr_line' id='line_1_29' title="bbox 87 3523 1286 3611; baseline -0.003 -22"><span class='ocrx_word' id='word_1_232' title='bbox 87 3528 209 3611; x_wconf 88' lang='lat' dir='ltr'>spectis</span> <span class='ocrx_word' id='word_1_233' title='bbox 226 3536 259 3589; x_wconf 89' lang='lat' dir='ltr'>et</span> <span class='ocrx_word' id='word_1_234' title='bbox 273 3525 415 3611; x_wconf 83' lang='lat' dir='ltr'>providis</span> <span class='ocrx_word' id='word_1_235' title='bbox 428 3526 515 3608; x_wconf 88' lang='lat' dir='ltr'>viris,</span> <span class='ocrx_word' id='word_1_236' title='bbox 531 3523 630 3590; x_wconf 83' lang='lat' dir='ltr'>fratre</span> <span class='ocrx_word' id='word_1_237' title='bbox 642 3524 838 3610; x_wconf 88' lang='lat' dir='ltr'>Wolfgango</span> <span class='ocrx_word' id='word_1_238' title='bbox 853 3526 997 3611; x_wconf 88' lang='lat' dir='ltr'>professo</span> <span class='ocrx_word' id='word_1_239' title='bbox 1014 3524 1091 3589; x_wconf 91' lang='lat' dir='ltr'>dicti</span> <span class='ocrx_word' id='word_1_240' title='bbox 1102 3524 1286 3588; x_wconf 88' lang='lat' dir='ltr'>monasterii</span> 
     </span>
     <span class='ocr_line' id='line_1_30' title="bbox 89 3626 1284 3713; baseline -0.004 -17"><span class='ocrx_word' id='word_1_241' title='bbox 89 3630 316 3712; x_wconf 72' lang='lat' dir='ltr'>Gotwicensi8‚</span> <span class='ocrx_word' id='word_1_242' title='bbox 348 3628 471 3713; x_wconf 81' lang='lat' dir='ltr'>Caspar</span> <span class='ocrx_word' id='word_1_243' title='bbox 500 3629 636 3713; x_wconf 83' lang='lat' dir='ltr'>Ozener,</span> <span class='ocrx_word' id='word_1_244' title='bbox 669 3632 751 3693; x_wconf 88' lang='lat' dir='ltr'>sacri</span> <span class='ocrx_word' id='word_1_245' title='bbox 782 3631 860 3693; x_wconf 88' lang='lat' dir='ltr'>iuris</span> <span class='ocrx_word' id='word_1_246' title='bbox 890 3631 1035 3693; x_wconf 86' lang='lat' dir='ltr'>canonici</span> <span class='ocrx_word' id='word_1_247' title='bbox 1069 3626 1284 3711; x_wconf 86' lang='lat' dir='ltr'>baccalaurio,</span> 
     </span>
     <span class='ocr_line' id='line_1_31' title="bbox 88 3733 1284 3820; baseline -0.003 -22"><span class='ocrx_word' id='word_1_248' title='bbox 88 3736 230 3817; x_wconf 82' lang='lat' dir='ltr'>clericis3</span> <span class='ocrx_word' id='word_1_249' title='bbox 255 3733 363 3799; x_wconf 87' lang='lat' dir='ltr'>Vlrico</span> <span class='ocrx_word' id='word_1_250' title='bbox 387 3733 653 3820; x_wconf 84' lang='lat' dir='ltr'>Eybesprunner‚</span> <span class='ocrx_word' id='word_1_251' title='bbox 675 3734 843 3799; x_wconf 89' lang='lat' dir='ltr'>Walthcro</span> <span class='ocrx_word' id='word_1_252' title='bbox 867 3733 1067 3799; x_wconf 88' lang='lat' dir='ltr'>Weidacher</span> <span class='ocrx_word' id='word_1_253' title='bbox 1090 3742 1122 3798; x_wconf 90' lang='lat' dir='ltr'>et</span> <span class='ocrx_word' id='word_1_254' title='bbox 1140 3733 1284 3797; x_wconf 89' lang='lat' dir='ltr'>Iohanne</span> 
     </span>
     <span class='ocr_line' id='line_1_32' title="bbox 89 3836 1284 3924; baseline -0.002 -21"><span class='ocrx_word' id='word_1_255' title='bbox 89 3840 336 3924; x_wconf 84' lang='lat' dir='ltr'>Pawmpartner</span> <span class='ocrx_word' id='word_1_256' title='bbox 366 3839 533 3923; x_wconf 84' lang='lat' dir='ltr'>armigeris</span> <span class='ocrx_word' id='word_1_257' title='bbox 564 3849 596 3905; x_wconf 86' lang='lat' dir='ltr'>at</span> <span class='ocrx_word' id='word_1_258' title='bbox 622 3838 712 3904; x_wconf 86' lang='lat' dir='ltr'>laicis</span> <span class='ocrx_word' id='word_1_259' title='bbox 741 3838 888 3903; x_wconf 87' lang='lat' dir='ltr'>litteratis</span> <span class='ocrx_word' id='word_1_260' title='bbox 910 3839 1111 3903; x_wconf 85' lang='lat' dir='ltr'>Pataviensis</span> <span class='ocrx_word' id='word_1_261' title='bbox 1139 3836 1284 3920; x_wconf 88' lang='lat' dir='ltr'>diocesis,</span> 
     </span>
     <span class='ocr_line' id='line_1_33' title="bbox 87 3942 233 4009; baseline 0.007 -1"><span class='ocrx_word' id='word_1_262' title='bbox 87 3942 233 4009; x_wconf 86' lang='lat' dir='ltr'>testibus.</span> 
     </span>
    </p>
   </div>
   <div class='ocr_carea' id='block_1_4' title="bbox 89 4134 1283 4287">
    <p class='ocr_par' dir='ltr' id='par_1_6' title="bbox 89 4134 1283 4287">
     <span class='ocr_line' id='line_1_34' title="bbox 192 4134 1283 4201; baseline -0.003 -16"><span class='ocrx_word' id='word_1_263' title='bbox 192 4135 276 4201; x_wconf 84' lang='lat' dir='ltr'>Orig.‚</span> <span class='ocrx_word' id='word_1_264' title='bbox 294 4136 371 4201; x_wconf 78' lang='lat' dir='ltr'>Perg.</span> <span class='ocrx_word' id='word_1_265' title='bbox 407 4136 467 4187; x_wconf 71' lang='lat' dir='ltr'>Lat.</span> <span class='ocrx_word' id='word_1_266' title='bbox 503 4134 759 4196; x_wconf 66' lang='lat' dir='ltr'>Nouiiatsaeiohen</span> <span class='ocrx_word' id='word_1_267' title='bbox 778 4134 993 4185; x_wconf 86' lang='lat' dir='ltr'>Unterschrilten</span> <span class='ocrx_word' id='word_1_268' title='bbox 1011 4150 1038 4184; x_wconf 86' lang='lat' dir='ltr'>u.</span> <span class='ocrx_word' id='word_1_269' title='bbox 1051 4134 1283 4200; x_wconf 84' lang='lat' dir='ltr'>Beglaubigungs·</span> 
     </span>
     <span class='ocr_line' id='line_1_35' title="bbox 89 4216 1283 4287; baseline 0 -16"><span class='ocrx_word' id='word_1_270' title='bbox 89 4222 202 4273; x_wconf 81' lang='lat' dir='ltr'>formeln</span> <span class='ocrx_word' id='word_1_271' title='bbox 220 4239 273 4272; x_wconf 82' lang='lat' dir='ltr'>von</span> <span class='ocrx_word' id='word_1_272' title='bbox 291 4223 343 4272; x_wconf 86' lang='lat' dir='ltr'>den</span> <span class='ocrx_word' id='word_1_273' title='bbox 362 4222 556 4273; x_wconf 83' lang='lat' dir='ltr'>individusllen</span> <span class='ocrx_word' id='word_1_274' title='bbox 571 4223 685 4272; x_wconf 77' lang='lat' dir='ltr'>Hitnden</span> <span class='ocrx_word' id='word_1_275' title='bbox 704 4222 751 4273; x_wconf 90' lang='lat' dir='ltr'>der</span> <span class='ocrx_word' id='word_1_276' title='bbox 763 4222 880 4285; x_wconf 83' lang='lat' dir='ltr'>Notare;</span> <span class='ocrx_word' id='word_1_277' title='bbox 898 4220 981 4287; x_wconf 83' lang='lat' dir='ltr'>Copia</span> <span class='ocrx_word' id='word_1_278' title='bbox 1000 4223 1028 4270; x_wconf 89' lang='lat' dir='ltr'>iu</span> <span class='ocrx_word' id='word_1_279' title='bbox 1041 4220 1139 4271; x_wconf 76' lang='lat' dir='ltr'>Codc</span> <span class='ocrx_word' id='word_1_280' title='bbox 1157 4221 1174 4271; x_wconf 83' lang='lat' dir='ltr'>f.</span> <span class='ocrx_word' id='word_1_281' title='bbox 1190 4216 1250 4270; x_wconf 83' lang='lat' dir='ltr'>1o1&#39;</span> <span class='ocrx_word' id='word_1_282' title='bbox 1264 4221 1283 4271; x_wconf 84' lang='lat' dir='ltr'>l.</span> 
     </span>
    </p>
   </div>
   <div class='ocr_carea' id='block_1_5' title="bbox 130 4484 1238 4553">
    <p class='ocr_par' dir='ltr' id='par_1_7' title="bbox 130 4484 1238 4553">
     <span class='ocr_line' id='line_1_36' title="bbox 130 4484 1238 4553; baseline -0.005 -2"><span class='ocrx_word' id='word_1_283' title='bbox 130 4484 235 4553; x_wconf 74' lang='lat'><strong>1235.</strong></span> <span class='ocrx_word' id='word_1_284' title='bbox 1010 4488 1093 4547; x_wconf 75' lang='lat' dir='ltr'>tros</span> <span class='ocrx_word' id='word_1_285' title='bbox 1109 4488 1170 4545; x_wconf 76' lang='lat' dir='ltr'>lull</span> <span class='ocrx_word' id='word_1_286' title='bbox 1186 4488 1238 4545; x_wconf 76' lang='lat'>2⁰.</span> 
     </span>
    </p>
   </div>
   <div class='ocr_carea' id='block_1_6' title="bbox 91 4674 1283 4847">
    <p class='ocr_par' dir='ltr' id='par_1_8' title="bbox 91 4674 1283 4847">
     <span class='ocr_line' id='line_1_37' title="bbox 189 4674 1283 4761; baseline -0.002 -20"><span class='ocrx_word' id='word_1_287' title='bbox 189 4676 310 4741; x_wconf 85' lang='lat' dir='ltr'>Houns</span> <span class='ocrx_word' id='word_1_288' title='bbox 331 4676 508 4761; x_wconf 70' lang='lat' dir='ltr'>,llqurastr7</span> <span class='ocrx_word' id='word_1_289' title='bbox 532 4675 658 4759; x_wconf 74' lang='lat' dir='ltr'>Pfleper</span> <span class='ocrx_word' id='word_1_290' title='bbox 679 4696 720 4741; x_wconf 78' lang='lat' dir='ltr'>aa</span> <span class='ocrx_word' id='word_1_291' title='bbox 743 4675 948 4757; x_wconf 66' lang='grc' dir='ltr'>θοόοῑιράνρ,</span> <span class='ocrx_word' id='word_1_292' title='bbox 976 4674 1179 4753; x_wconf 71' lang='lat' dir='ltr'>beardo-redet,</span> <span class='ocrx_word' id='word_1_293' title='bbox 1207 4674 1283 4739; x_wconf 76' lang='lat' dir='ltr'>does</span> 
     </span>
     <span class='ocr_line' id='line_1_38' title="bbox 91 4778 1282 4847; baseline -0.005 0"><span class='ocrx_word' id='word_1_294' title='bbox 91 4780 139 4847; x_wconf 80' lang='lat' dir='ltr'>dic</span> <span class='ocrx_word' id='word_1_295' title='bbox 152 4783 263 4847; x_wconf 82' lang='lat' dir='ltr'>beiden</span> <span class='ocrx_word' id='word_1_296' title='bbox 278 4782 464 4845; x_wconf 80' lang='lat' dir='ltr'>streitenden</span> <span class='ocrx_word' id='word_1_297' title='bbox 483 4780 633 4845; x_wconf 78' lang='lat' dir='ltr'>Porteien</span> <span class='ocrx_word' id='word_1_298' title='bbox 650 4779 743 4846; x_wconf 80' lang='lat' dir='ltr'>Peter</span> <span class='ocrx_word' id='word_1_299' title='bbox 758 4780 814 4844; x_wconf 86' lang='lat' dir='ltr'>der</span> <span class='ocrx_word' id='word_1_300' title='bbox 829 4779 1041 4845; x_wconf 62' lang='lat' dir='ltr'>Matouscbdr</span> <span class='ocrx_word' id='word_1_301' title='bbox 1055 4800 1115 4843; x_wconf 56' lang='lat' dir='ltr'>riou</span> <span class='ocrx_word' id='word_1_302' title='bbox 1130 4778 1282 4842; x_wconf 72' lang='lat' dir='ltr'>Maliaci</span> 
     </span>
    </p>
   </div>
   <div class='ocr_carea' id='block_1_7' title="bbox 1075 4886 1125 4932">
    <p class='ocr_par' dir='ltr' id='par_1_9' title="bbox 1075 4886 1125 4932">
     <span class='ocr_line' id='line_1_39' title="bbox 1075 4886 1125 4932; baseline 0 0"><span class='ocrx_word' id='word_1_303' title='bbox 1075 4886 1125 4932; x_wconf 69' lang='lat'>⁸20*</span> 
     </span>
    </p>
   </div>
   <div class='ocr_carea' id='block_1_8' title="bbox 0 0 1630 5500">
    <p class='ocr_par' dir='ltr' id='par_1_10' title="bbox 0 0 1630 5500">
     <span class='ocr_line' id='line_1_40' title="bbox 0 0 1630 5500; baseline 0 2"><span class='ocrx_word' id='word_1_304' title='bbox 0 0 1630 5500; x_wconf 95' lang='lat' dir='ltr'> </span> 
     </span>
    </p>
   </div>
  </div>
 </body>
</html>
