<?xml version="1.0" encoding="UTF-8"?>
<!DOCTYPE html PUBLIC "-//W3C//DTD XHTML 1.0 Transitional//EN"
    "http://www.w3.org/TR/xhtml1/DTD/xhtml1-transitional.dtd">
<html xmlns="http://www.w3.org/1999/xhtml" xml:lang="en" lang="en">
 <head>
  <title>
</title>
<meta http-equiv="Content-Type" content="text/html;charset=utf-8" />
  <meta name='ocr-system' content='tesseract 3.04.00' />
  <meta name='ocr-capabilities' content='ocr_page ocr_carea ocr_par ocr_line ocrx_word'/>
</head>
<body>
  <div class='ocr_page' id='page_1' title='image "./relationenvenet15fiedgoog/relationenvenet15fiedgoog_0141.png"; bbox 0 0 3250 5500; ppageno 0'>
   <div class='ocr_carea' id='block_1_1' title="bbox 1214 462 1274 527">
    <p class='ocr_par' dir='ltr' id='par_1_1' title="bbox 1214 462 1274 527">
     <span class='ocr_line' id='line_1_1' title="bbox 1214 462 1274 527; baseline -0.033 0"><span class='ocrx_word' id='word_1_1' title='bbox 1214 462 1274 527; x_wconf 69' lang='lat'>127</span> 
     </span>
    </p>
   </div>
   <div class='ocr_carea' id='block_1_2' title="bbox 90 651 1280 1266">
    <p class='ocr_par' dir='ltr' id='par_1_2' title="bbox 90 651 1280 1266">
     <span class='ocr_line' id='line_1_2' title="bbox 186 651 1277 743; baseline 0.003 -25"><span class='ocrx_word' id='word_1_2' title='bbox 186 651 328 720; x_wconf 80' lang='lat' dir='ltr'>Datum:</span> <span class='ocrx_word' id='word_1_3' title='bbox 351 654 480 719; x_wconf 84' lang='lat' dir='ltr'>Taxate</span> <span class='ocrx_word' id='word_1_4' title='bbox 503 664 611 720; x_wconf 86' lang='lat' dir='ltr'>autem</span> <span class='ocrx_word' id='word_1_5' title='bbox 630 655 761 721; x_wconf 86' lang='lat' dir='ltr'>fuerunt</span> <span class='ocrx_word' id='word_1_6' title='bbox 779 654 961 721; x_wconf 90' lang='lat' dir='ltr'>huiusmodi</span> <span class='ocrx_word' id='word_1_7' title='bbox 982 679 1124 743; x_wconf 83' lang='lat' dir='ltr'>expense</span> <span class='ocrx_word' id='word_1_8' title='bbox 1147 678 1205 742; x_wconf 88' lang='lat' dir='ltr'>per</span> <span class='ocrx_word' id='word_1_9' title='bbox 1220 678 1277 721; x_wconf 90' lang='lat' dir='ltr'>nos</span> 
     </span>
     <span class='ocr_line' id='line_1_3' title="bbox 91 756 1277 846; baseline 0.001 -24"><span class='ocrx_word' id='word_1_10' title='bbox 91 756 294 823; x_wconf 83' lang='lat' dir='ltr'>Ounczonem</span> <span class='ocrx_word' id='word_1_11' title='bbox 322 756 503 824; x_wconf 77' lang='lat' dir='ltr'>auditorem</span> <span class='ocrx_word' id='word_1_12' title='bbox 532 759 694 846; x_wconf 82' lang='lat' dir='ltr'>prefatum</span> <span class='ocrx_word' id='word_1_13' title='bbox 725 759 917 826; x_wconf 83' lang='lat' dir='ltr'>Constanoie</span> <span class='ocrx_word' id='word_1_14' title='bbox 947 763 1112 846; x_wconf 84' lang='lat' dir='ltr'>provincie</span> <span class='ocrx_word' id='word_1_15' title='bbox 1145 760 1277 845; x_wconf 82' lang='lat' dir='ltr'>lllsgun·</span> 
     </span>
     <span class='ocr_line' id='line_1_4' title="bbox 90 862 1279 951; baseline 0.003 -25"><span class='ocrx_word' id='word_1_16' title='bbox 90 863 217 927; x_wconf 84' lang='lat' dir='ltr'>tinensis</span> <span class='ocrx_word' id='word_1_17' title='bbox 250 866 284 927; x_wconf 89' lang='lat' dir='ltr'>in</span> <span class='ocrx_word' id='word_1_18' title='bbox 318 862 457 929; x_wconf 89' lang='lat' dir='ltr'>ecclesia</span> <span class='ocrx_word' id='word_1_19' title='bbox 489 866 594 929; x_wconf 89' lang='lat' dir='ltr'>sancti</span> <span class='ocrx_word' id='word_1_20' title='bbox 626 863 784 951; x_wconf 78' lang='lat' dir='ltr'>Stephani</span> <span class='ocrx_word' id='word_1_21' title='bbox 817 888 875 950; x_wconf 91' lang='lat' dir='ltr'>pro</span> <span class='ocrx_word' id='word_1_22' title='bbox 905 864 1076 930; x_wconf 78' lang='lat' dir='ltr'>audiencia</span> <span class='ocrx_word' id='word_1_23' title='bbox 1106 886 1279 930; x_wconf 88' lang='lat' dir='ltr'>causarum</span> 
     </span>
     <span class='ocr_line' id='line_1_5' title="bbox 92 966 1278 1055; baseline 0.003 -26"><span class='ocrx_word' id='word_1_24' title='bbox 92 966 263 1051; x_wconf 84' lang='lat' dir='ltr'>apostolica</span> <span class='ocrx_word' id='word_1_25' title='bbox 291 967 474 1053; x_wconf 75' lang='lat' dir='ltr'>specialiter</span> <span class='ocrx_word' id='word_1_26' title='bbox 496 966 650 1055; x_wconf 90' lang='lat' dir='ltr'>deputata</span> <span class='ocrx_word' id='word_1_27' title='bbox 672 967 765 1034; x_wconf 86' lang='lat' dir='ltr'>nobis</span> <span class='ocrx_word' id='word_1_28' title='bbox 786 969 866 1034; x_wconf 92' lang='lat' dir='ltr'>inibi</span> <span class='ocrx_word' id='word_1_29' title='bbox 888 992 982 1034; x_wconf 91' lang='lat' dir='ltr'>mane</span> <span class='ocrx_word' id='word_1_30' title='bbox 1005 968 1084 1033; x_wconf 87' lang='lat' dir='ltr'>hora</span> <span class='ocrx_word' id='word_1_31' title='bbox 1107 991 1278 1033; x_wconf 88' lang='lat' dir='ltr'>causarum</span> 
     </span>
     <span class='ocr_line' id='line_1_6' title="bbox 91 1070 1280 1159; baseline 0.003 -24"><span class='ocrx_word' id='word_1_32' title='bbox 91 1070 130 1136; x_wconf 87' lang='lat' dir='ltr'>ad</span> <span class='ocrx_word' id='word_1_33' title='bbox 157 1074 229 1136; x_wconf 89' lang='lat' dir='ltr'>iura</span> <span class='ocrx_word' id='word_1_34' title='bbox 258 1072 464 1138; x_wconf 88' lang='lat' dir='ltr'>reddendum</span> <span class='ocrx_word' id='word_1_35' title='bbox 490 1075 523 1137; x_wconf 90' lang='lat' dir='ltr'>in</span> <span class='ocrx_word' id='word_1_36' title='bbox 550 1073 619 1138; x_wconf 91' lang='lat' dir='ltr'>loco</span> <span class='ocrx_word' id='word_1_37' title='bbox 642 1082 750 1139; x_wconf 91' lang='lat' dir='ltr'>nostro</span> <span class='ocrx_word' id='word_1_38' title='bbox 773 1073 863 1140; x_wconf 87' lang='lat' dir='ltr'>solito</span> <span class='ocrx_word' id='word_1_39' title='bbox 887 1095 944 1159; x_wconf 91' lang='lat' dir='ltr'>pro</span> <span class='ocrx_word' id='word_1_40' title='bbox 966 1074 1119 1139; x_wconf 77' lang='lat' dir='ltr'>tribunali</span> <span class='ocrx_word' id='word_1_41' title='bbox 1143 1073 1280 1139; x_wconf 89' lang='lat' dir='ltr'>sedenti-</span> 
     </span>
     <span class='ocr_line' id='line_1_7' title="bbox 91 1175 1280 1266; baseline 0.002 -24"><span class='ocrx_word' id='word_1_42' title='bbox 91 1176 148 1242; x_wconf 89' lang='lat' dir='ltr'>bus</span> <span class='ocrx_word' id='word_1_43' title='bbox 177 1175 304 1263; x_wconf 81' lang='lat'>(1415),</span> <span class='ocrx_word' id='word_1_44' title='bbox 332 1176 514 1243; x_wconf 81' lang='lat' dir='ltr'>indiccione</span> <span class='ocrx_word' id='word_1_45' title='bbox 544 1187 668 1262; x_wconf 84' lang='lat' dir='ltr'>octava,</span> <span class='ocrx_word' id='word_1_46' title='bbox 693 1178 745 1243; x_wconf 90' lang='lat' dir='ltr'>die</span> <span class='ocrx_word' id='word_1_47' title='bbox 767 1201 846 1244; x_wconf 90' lang='lat' dir='ltr'>vero</span> <span class='ocrx_word' id='word_1_48' title='bbox 869 1179 944 1245; x_wconf 93' lang='lat' dir='ltr'>lune</span> <span class='ocrx_word' id='word_1_49' title='bbox 968 1180 1122 1244; x_wconf 88' lang='lat' dir='ltr'>vicesima</span> <span class='ocrx_word' id='word_1_50' title='bbox 1144 1182 1280 1266; x_wconf 79' lang='lat' dir='ltr'>septime</span> 
     </span>
    </p>
   </div>
   <div class='ocr_carea' id='block_1_3' title="bbox 91 1282 1281 1452">
    <p class='ocr_par' dir='ltr' id='par_1_3' title="bbox 91 1282 1281 1452">
     <span class='ocr_line' id='line_1_8' title="bbox 91 1282 1281 1371; baseline 0.003 -26"><span class='ocrx_word' id='word_1_51' title='bbox 91 1283 208 1346; x_wconf 85' lang='lat' dir='ltr'>mensis</span> <span class='ocrx_word' id='word_1_52' title='bbox 228 1284 315 1366; x_wconf 80' lang='lat' dir='ltr'>maii,</span> <span class='ocrx_word' id='word_1_53' title='bbox 338 1282 543 1369; x_wconf 86' lang='lat' dir='ltr'>pontificatus</span> <span class='ocrx_word' id='word_1_54' title='bbox 563 1292 623 1349; x_wconf 90' lang='lat' dir='ltr'>etc.</span> <span class='ocrx_word' id='word_1_55' title='bbox 647 1283 799 1349; x_wconf 82' lang='lat' dir='ltr'>Iohannis</span> <span class='ocrx_word' id='word_1_56' title='bbox 821 1306 907 1371; x_wconf 80' lang='lat' dir='ltr'>pape</span> <span class='ocrx_word' id='word_1_57' title='bbox 930 1286 1074 1349; x_wconf 88' lang='lat' dir='ltr'>vicesimi</span> <span class='ocrx_word' id='word_1_58' title='bbox 1097 1286 1189 1349; x_wconf 91' lang='lat' dir='ltr'>tercii</span> <span class='ocrx_word' id='word_1_59' title='bbox 1210 1305 1281 1370; x_wconf 90' lang='lat' dir='ltr'>pre-</span> 
     </span>
     <span class='ocr_line' id='line_1_9' title="bbox 91 1386 399 1452; baseline 0 -1"><span class='ocrx_word' id='word_1_60' title='bbox 91 1386 166 1451; x_wconf 89' lang='lat' dir='ltr'>dicti</span> <span class='ocrx_word' id='word_1_61' title='bbox 187 1408 274 1451; x_wconf 90' lang='lat' dir='ltr'>anno</span> <span class='ocrx_word' id='word_1_62' title='bbox 297 1396 399 1452; x_wconf 87' lang='lat' dir='ltr'>sexto.</span> 
     </span>
    </p>
   </div>
   <div class='ocr_carea' id='block_1_4' title="bbox 91 1510 1283 1807">
    <p class='ocr_par' dir='ltr' id='par_1_4' title="bbox 91 1510 1283 1807">
     <span class='ocr_line' id='line_1_10' title="bbox 194 1510 1282 1599; baseline 0.002 -24"><span class='ocrx_word' id='word_1_63' title='bbox 194 1510 336 1594; x_wconf 70' lang='lat' dir='ltr'>Zeaoea:</span> <span class='ocrx_word' id='word_1_64' title='bbox 351 1510 556 1596; x_wconf 80' lang='lat' dir='ltr'>presentibus</span> <span class='ocrx_word' id='word_1_65' title='bbox 571 1510 692 1577; x_wconf 88' lang='lat' dir='ltr'>ibidem</span> <span class='ocrx_word' id='word_1_66' title='bbox 707 1511 854 1577; x_wconf 88' lang='lat' dir='ltr'>discretis</span> <span class='ocrx_word' id='word_1_67' title='bbox 870 1512 947 1576; x_wconf 88' lang='lat' dir='ltr'>viris</span> <span class='ocrx_word' id='word_1_68' title='bbox 963 1514 1122 1599; x_wconf 81' lang='lat' dir='ltr'>magistris</span> <span class='ocrx_word' id='word_1_69' title='bbox 1137 1510 1282 1577; x_wconf 88' lang='lat' dir='ltr'>Iohanne</span> 
     </span>
     <span class='ocr_line' id='line_1_11' title="bbox 91 1613 1283 1704; baseline 0.001 -24"><span class='ocrx_word' id='word_1_70' title='bbox 91 1613 220 1680; x_wconf 87' lang='lat' dir='ltr'>Schade</span> <span class='ocrx_word' id='word_1_71' title='bbox 244 1626 277 1680; x_wconf 94' lang='lat' dir='ltr'>et</span> <span class='ocrx_word' id='word_1_72' title='bbox 298 1615 443 1681; x_wconf 90' lang='lat' dir='ltr'>Iohanne</span> <span class='ocrx_word' id='word_1_73' title='bbox 458 1616 627 1702; x_wconf 84' lang='lat' dir='ltr'>Langoem</span> <span class='ocrx_word' id='word_1_74' title='bbox 649 1620 780 1683; x_wconf 84' lang='lat' dir='ltr'>notariis</span> <span class='ocrx_word' id='word_1_75' title='bbox 803 1616 940 1704; x_wconf 90' lang='lat' dir='ltr'>publicis</span> <span class='ocrx_word' id='word_1_76' title='bbox 962 1616 1141 1704; x_wconf 89' lang='lat' dir='ltr'>scribisque</span> <span class='ocrx_word' id='word_1_77' title='bbox 1157 1620 1283 1699; x_wconf 87' lang='lat' dir='ltr'>nostris,</span> 
     </span>
     <span class='ocr_line' id='line_1_12' title="bbox 91 1717 1167 1807; baseline 0.002 -24"><span class='ocrx_word' id='word_1_78' title='bbox 91 1717 216 1784; x_wconf 86' lang='lat' dir='ltr'>clericis</span> <span class='ocrx_word' id='word_1_79' title='bbox 239 1720 498 1805; x_wconf 84' lang='lat' dir='ltr'>Maguntinensis</span> <span class='ocrx_word' id='word_1_80' title='bbox 521 1720 658 1787; x_wconf 90' lang='lat' dir='ltr'>diocesis</span> <span class='ocrx_word' id='word_1_81' title='bbox 682 1730 714 1787; x_wconf 92' lang='lat' dir='ltr'>et</span> <span class='ocrx_word' id='word_1_82' title='bbox 736 1721 997 1807; x_wconf 82' lang='lat' dir='ltr'>Osnaburgensis</span> <span class='ocrx_word' id='word_1_83' title='bbox 1020 1722 1167 1787; x_wconf 86' lang='lat' dir='ltr'>civitatis.</span> 
     </span>
    </p>
   </div>
   <div class='ocr_carea' id='block_1_5' title="bbox 196 1914 1284 1982">
    <p class='ocr_par' dir='ltr' id='par_1_5' title="bbox 196 1914 1284 1982">
     <span class='ocr_line' id='line_1_13' title="bbox 196 1914 1284 1982; baseline 0.001 -17"><span class='ocrx_word' id='word_1_84' title='bbox 196 1914 279 1981; x_wconf 69' lang='lat' dir='ltr'>erig„</span> <span class='ocrx_word' id='word_1_85' title='bbox 305 1916 384 1982; x_wconf 74' lang='lat' dir='ltr'>Parg.</span> <span class='ocrx_word' id='word_1_86' title='bbox 419 1916 478 1966; x_wconf 86' lang='lat' dir='ltr'>Lat.</span> <span class='ocrx_word' id='word_1_87' title='bbox 516 1916 771 1979; x_wconf 80' lang='lat' dir='ltr'>Netariatsaeichen,</span> <span class='ocrx_word' id='word_1_88' title='bbox 798 1915 979 1968; x_wconf 79' lang='lat' dir='ltr'>Unterschrift</span> <span class='ocrx_word' id='word_1_89' title='bbox 1005 1930 1031 1966; x_wconf 89' lang='lat' dir='ltr'>n.</span> <span class='ocrx_word' id='word_1_90' title='bbox 1053 1916 1284 1982; x_wconf 75' lang='lat' dir='ltr'>Beglsabigungs-</span> 
     </span>
    </p>
   </div>
   <div class='ocr_carea' id='block_1_6' title="bbox 90 2001 1285 2141">
    <p class='ocr_par' dir='ltr' id='par_1_6' title="bbox 90 2001 1285 2141">
     <span class='ocr_line' id='line_1_14' title="bbox 90 2001 1285 2070; baseline 0.003 -19"><span class='ocrx_word' id='word_1_91' title='bbox 90 2001 188 2052; x_wconf 80' lang='lat' dir='ltr'>formal</span> <span class='ocrx_word' id='word_1_92' title='bbox 214 2018 268 2053; x_wconf 86' lang='lat' dir='ltr'>von</span> <span class='ocrx_word' id='word_1_93' title='bbox 293 2002 407 2053; x_wconf 85' lang='lat' dir='ltr'>anderer</span> <span class='ocrx_word' id='word_1_94' title='bbox 429 2004 462 2053; x_wconf 86' lang='grc' dir='ltr'>Η.</span> <span class='ocrx_word' id='word_1_95' title='bbox 480 2020 507 2053; x_wconf 87' lang='lat' dir='ltr'>n.</span> <span class='ocrx_word' id='word_1_96' title='bbox 525 2005 613 2068; x_wconf 74' lang='lat' dir='ltr'>Time,</span> <span class='ocrx_word' id='word_1_97' title='bbox 641 2004 731 2070; x_wconf 72' lang='lat' dir='ltr'>Siegel</span> <span class='ocrx_word' id='word_1_98' title='bbox 754 2019 790 2055; x_wconf 89' lang='lat' dir='ltr'>an</span> <span class='ocrx_word' id='word_1_99' title='bbox 808 2004 992 2067; x_wconf 77' lang='lat' dir='ltr'>Hanlschnnr3</span> <span class='ocrx_word' id='word_1_100' title='bbox 1025 2003 1108 2070; x_wconf 81' lang='lat' dir='ltr'>Oopis</span> <span class='ocrx_word' id='word_1_101' title='bbox 1131 2004 1159 2054; x_wconf 92' lang='lat' dir='ltr'>in</span> <span class='ocrx_word' id='word_1_102' title='bbox 1181 2004 1285 2056; x_wconf 74' lang='lat' dir='ltr'>Cedo</span> 
     </span>
     <span class='ocr_line' id='line_1_15' title="bbox 90 2089 216 2141; baseline 0.008 -2"><span class='ocrx_word' id='word_1_103' title='bbox 90 2089 110 2139; x_wconf 77' lang='grc' dir='ltr'>ἱ.</span> <span class='ocrx_word' id='word_1_104' title='bbox 131 2090 216 2141; x_wconf 73' lang='grc'><strong>3414.</strong></span> 
     </span>
    </p>
   </div>
   <div class='ocr_carea' id='block_1_7' title="bbox 198 2212 946 2422">
    <p class='ocr_par' dir='ltr' id='par_1_7' title="bbox 198 2212 946 2422">
     <span class='ocr_line' id='line_1_16' title="bbox 198 2212 413 2279; baseline 0 -16"><span class='ocrx_word' id='word_1_105' title='bbox 198 2212 260 2279; x_wconf 81' lang='lat' dir='ltr'>Vgl.</span> <span class='ocrx_word' id='word_1_106' title='bbox 278 2228 319 2263; x_wconf 86' lang='lat' dir='ltr'>nr.</span> <span class='ocrx_word' id='word_1_107' title='bbox 339 2214 413 2263; x_wconf 78' lang='lat'>10³3.</span> 
     </span>
     <span class='ocr_line' id='line_1_17' title="bbox 199 2354 946 2422; baseline 0.001 -16"><span class='ocrx_word' id='word_1_108' title='bbox 199 2354 288 2420; x_wconf 76' lang='lat' dir='ltr'>Siegsl</span> <span class='ocrx_word' id='word_1_109' title='bbox 307 2354 472 2422; x_wconf 72' lang='lat' dir='ltr'>bescbtdigt,</span> <span class='ocrx_word' id='word_1_110' title='bbox 490 2356 630 2420; x_wconf 72' lang='lat' dir='ltr'>epitrovrl,</span> <span class='ocrx_word' id='word_1_111' title='bbox 647 2356 707 2407; x_wconf 88' lang='lat' dir='ltr'>roth</span> <span class='ocrx_word' id='word_1_112' title='bbox 725 2356 774 2407; x_wconf 87' lang='lat' dir='ltr'>anf</span> <span class='ocrx_word' id='word_1_113' title='bbox 789 2356 859 2421; x_wconf 85' lang='lat' dir='ltr'>Sch,</span> <span class='ocrx_word' id='word_1_114' title='bbox 877 2356 904 2407; x_wconf 87' lang='lat'>11</span> <span class='ocrx_word' id='word_1_115' title='bbox 916 2357 946 2407; x_wconf 89' lang='lat' dir='ltr'>B.</span> 
     </span>
    </p>
   </div>
   <div class='ocr_carea' id='block_1_8' title="bbox 139 2633 1246 2707">
    <p class='ocr_par' dir='ltr' id='par_1_8' title="bbox 139 2633 1246 2707">
     <span class='ocr_line' id='line_1_18' title="bbox 139 2633 1246 2707; baseline -0.002 -6"><span class='ocrx_word' id='word_1_116' title='bbox 139 2633 243 2701; x_wconf 76' lang='grc'><strong>1043.</strong></span> <span class='ocrx_word' id='word_1_117' title='bbox 847 2640 930 2699; x_wconf 77' lang='grc' dir='ltr'>14Ῑῦ</span> <span class='ocrx_word' id='word_1_118' title='bbox 946 2640 1006 2699; x_wconf 79' lang='lat' dir='ltr'>hlal</span> <span class='ocrx_word' id='word_1_119' title='bbox 1022 2640 1073 2707; x_wconf 76' lang='lat'>2⁷,</span> <span class='ocrx_word' id='word_1_120' title='bbox 1089 2642 1246 2699; x_wconf 77' lang='lat' dir='ltr'>llonstanu.</span> 
     </span>
    </p>
   </div>
   <div class='ocr_carea' id='block_1_9' title="bbox 5 2825 1293 3332">
    <p class='ocr_par' dir='ltr' id='par_1_9' title="bbox 5 2825 1293 3332">
     <span class='ocr_line' id='line_1_19' title="bbox 201 2825 1289 2914; baseline 0.002 -21"><span class='ocrx_word' id='word_1_121' title='bbox 201 2829 370 2894; x_wconf 77' lang='lat' dir='ltr'>Friedrich</span> <span class='ocrx_word' id='word_1_122' title='bbox 385 2829 472 2914; x_wconf 80' lang='lat' dir='ltr'>Deya</span> <span class='ocrx_word' id='word_1_123' title='bbox 493 2834 571 2894; x_wconf 79' lang='lat' dir='ltr'>setrt</span> <span class='ocrx_word' id='word_1_124' title='bbox 591 2829 657 2911; x_wconf 75' lang='lat' dir='ltr'>aas</span> <span class='ocrx_word' id='word_1_125' title='bbox 673 2827 787 2894; x_wconf 81' lang='lat' dir='ltr'>Bittea</span> <span class='ocrx_word' id='word_1_126' title='bbox 808 2827 862 2893; x_wconf 84' lang='lat' dir='ltr'>des</span> <span class='ocrx_word' id='word_1_127' title='bbox 877 2825 1064 2912; x_wconf 71' lang='lat' dir='ltr'>Gettweiper</span> <span class='ocrx_word' id='word_1_128' title='bbox 1079 2828 1289 2895; x_wconf 80' lang='lat' dir='ltr'>Procurators</span> 
     </span>
     <span class='ocr_line' id='line_1_20' title="bbox 95 2929 1288 3016; baseline -0.003 -16"><span class='ocrx_word' id='word_1_129' title='bbox 95 2934 232 3000; x_wconf 79' lang='lat' dir='ltr'>Johonn</span> <span class='ocrx_word' id='word_1_130' title='bbox 253 2933 452 3016; x_wconf 69' lang='lat' dir='ltr'>Erepelhordi</span> <span class='ocrx_word' id='word_1_131' title='bbox 473 2933 555 2998; x_wconf 78' lang='lat' dir='ltr'>noch</span> <span class='ocrx_word' id='word_1_132' title='bbox 575 2952 886 3016; x_wconf 76' lang='lat' dir='ltr'>oorauspeponpener</span> <span class='ocrx_word' id='word_1_133' title='bbox 907 2929 1050 2998; x_wconf 79' lang='lat' dir='ltr'>Citatioo</span> <span class='ocrx_word' id='word_1_134' title='bbox 1071 2933 1107 2997; x_wconf 82' lang='lat' dir='ltr'>io</span> <span class='ocrx_word' id='word_1_135' title='bbox 1122 2932 1288 2998; x_wconf 80' lang='lat' dir='ltr'>Abwesea·</span> 
     </span>
     <span class='ocr_line' id='line_1_21' title="bbox 5 3018 1290 3119; baseline -0.002 -15"><span class='ocrx_word' id='word_1_136' title='bbox 5 3018 7 3029; x_wconf 80' lang='grc'><strong>“</strong></span> <span class='ocrx_word' id='word_1_137' title='bbox 95 3039 162 3104; x_wconf 68' lang='lat' dir='ltr'>aest</span> <span class='ocrx_word' id='word_1_138' title='bbox 192 3039 246 3104; x_wconf 69' lang='lat' dir='ltr'>os</span> <span class='ocrx_word' id='word_1_139' title='bbox 267 3037 362 3103; x_wconf 69' lang='lat' dir='ltr'>Peter</span> <span class='ocrx_word' id='word_1_140' title='bbox 383 3038 488 3103; x_wconf 61' lang='lat' dir='ltr'>mser</span> <span class='ocrx_word' id='word_1_141' title='bbox 516 3039 568 3103; x_wconf 65' lang='lat' dir='ltr'>aa</span> <span class='ocrx_word' id='word_1_142' title='bbox 589 3037 825 3104; x_wconf 56' lang='lat' dir='ltr'>remensem</span> <span class='ocrx_word' id='word_1_143' title='bbox 854 3038 919 3119; x_wconf 73' lang='lat' dir='ltr'>auf</span> <span class='ocrx_word' id='word_1_144' title='bbox 935 3039 977 3101; x_wconf 80' lang='lat'>45</span> <span class='ocrx_word' id='word_1_145' title='bbox 1001 3036 1199 3119; x_wconf 58' lang='lat' dir='ltr'>compassa</span> <span class='ocrx_word' id='word_1_146' title='bbox 1220 3037 1290 3119; x_wconf 79' lang='lat' dir='ltr'>fest,</span> 
     </span>
     <span class='ocr_line' id='line_1_22' title="bbox 96 3140 1291 3226; baseline -0.004 -17"><span class='ocrx_word' id='word_1_147' title='bbox 96 3143 212 3209; x_wconf 82' lang='lat' dir='ltr'>welche</span> <span class='ocrx_word' id='word_1_148' title='bbox 232 3143 371 3209; x_wconf 82' lang='lat' dir='ltr'>Thomas</span> <span class='ocrx_word' id='word_1_149' title='bbox 392 3141 519 3208; x_wconf 79' lang='lat' dir='ltr'>Groasel</span> <span class='ocrx_word' id='word_1_150' title='bbox 540 3164 585 3207; x_wconf 78' lang='lat' dir='ltr'>aa</span> <span class='ocrx_word' id='word_1_151' title='bbox 607 3141 761 3226; x_wconf 71' lang='lat' dir='ltr'>Gottwcip</span> <span class='ocrx_word' id='word_1_152' title='bbox 782 3162 823 3207; x_wconf 75' lang='lat' dir='ltr'>eu</span> <span class='ocrx_word' id='word_1_153' title='bbox 845 3140 956 3206; x_wconf 77' lang='lat' dir='ltr'>sablea</span> <span class='ocrx_word' id='word_1_154' title='bbox 977 3141 1043 3221; x_wconf 85' lang='lat' dir='ltr'>bot,</span> <span class='ocrx_word' id='word_1_155' title='bbox 1067 3141 1220 3206; x_wconf 80' lang='lat' dir='ltr'>nochdem</span> <span class='ocrx_word' id='word_1_156' title='bbox 1234 3140 1291 3205; x_wconf 84' lang='lat' dir='ltr'>Jo-</span> 
     </span>
     <span class='ocr_line' id='line_1_23' title="bbox 96 3243 1293 3332; baseline -0.003 -19"><span class='ocrx_word' id='word_1_157' title='bbox 96 3249 188 3313; x_wconf 81' lang='lat' dir='ltr'>horm</span> <span class='ocrx_word' id='word_1_158' title='bbox 210 3247 410 3332; x_wconf 71' lang='lat' dir='ltr'>Ibapellcordi</span> <span class='ocrx_word' id='word_1_159' title='bbox 438 3247 552 3313; x_wconf 70' lang='lat' dir='ltr'>eidIIclc</span> <span class='ocrx_word' id='word_1_160' title='bbox 577 3247 771 3328; x_wconf 69' lang='lat' dir='ltr'>caretate,</span> <span class='ocrx_word' id='word_1_161' title='bbox 801 3247 877 3312; x_wconf 77' lang='lat' dir='ltr'>dots</span> <span class='ocrx_word' id='word_1_162' title='bbox 898 3245 964 3311; x_wconf 81' lang='lat' dir='ltr'>sich</span> <span class='ocrx_word' id='word_1_163' title='bbox 986 3245 1140 3311; x_wconf 77' lang='lat' dir='ltr'>disselben</span> <span class='ocrx_word' id='word_1_164' title='bbox 1162 3243 1293 3310; x_wconf 79' lang='lat' dir='ltr'>sobech</span> 
     </span>
    </p>
   </div>
   <div class='ocr_carea' id='block_1_10' title="bbox 5 3351 562 3435">
    <p class='ocr_par' dir='ltr' id='par_1_10' title="bbox 5 3351 562 3435">
     <span class='ocr_line' id='line_1_24' title="bbox 5 3351 562 3435; baseline 0 -17"><span class='ocrx_word' id='word_1_165' title='bbox 5 3354 7 3401; x_wconf 62' lang='lat' dir='ltr'>l</span> <span class='ocrx_word' id='word_1_166' title='bbox 98 3355 168 3418; x_wconf 66' lang='lat' dir='ltr'>ana</span> <span class='ocrx_word' id='word_1_167' title='bbox 189 3353 270 3418; x_wconf 66' lang='lat' dir='ltr'>aaa</span> <span class='ocrx_word' id='word_1_168' title='bbox 291 3352 386 3418; x_wconf 63' lang='lat' dir='ltr'>aare</span> <span class='ocrx_word' id='word_1_169' title='bbox 407 3351 562 3435; x_wconf 69' lang='lat' dir='ltr'>eausa.</span> 
     </span>
    </p>
   </div>
   <div class='ocr_carea' id='block_1_11' title="bbox 5 3471 1294 3876">
    <p class='ocr_par' dir='ltr' id='par_1_11' title="bbox 5 3471 1294 3876">
     <span class='ocr_line' id='line_1_25' title="bbox 206 3471 1293 3558; baseline -0.006 -18"><span class='ocrx_word' id='word_1_170' title='bbox 206 3475 347 3540; x_wconf 76' lang='lat' dir='ltr'>Dotem:</span> <span class='ocrx_word' id='word_1_171' title='bbox 368 3476 494 3540; x_wconf 85' lang='lat' dir='ltr'>Taxate</span> <span class='ocrx_word' id='word_1_172' title='bbox 518 3483 626 3540; x_wconf 92' lang='lat' dir='ltr'>autem</span> <span class='ocrx_word' id='word_1_173' title='bbox 648 3475 779 3539; x_wconf 77' lang='lat' dir='ltr'>bierunt</span> <span class='ocrx_word' id='word_1_174' title='bbox 800 3471 984 3538; x_wconf 89' lang='lat' dir='ltr'>huiusmodi</span> <span class='ocrx_word' id='word_1_175' title='bbox 1004 3493 1147 3558; x_wconf 87' lang='lat' dir='ltr'>expense</span> <span class='ocrx_word' id='word_1_176' title='bbox 1162 3493 1221 3557; x_wconf 88' lang='lat' dir='ltr'>per</span> <span class='ocrx_word' id='word_1_177' title='bbox 1236 3492 1293 3536; x_wconf 90' lang='lat' dir='ltr'>nes</span> 
     </span>
     <span class='ocr_line' id='line_1_26' title="bbox 99 3576 1294 3666; baseline -0.005 -22"><span class='ocrx_word' id='word_1_178' title='bbox 99 3579 306 3645; x_wconf 87' lang='lat' dir='ltr'>Fridericnm</span> <span class='ocrx_word' id='word_1_179' title='bbox 335 3579 514 3645; x_wconf 86' lang='lat' dir='ltr'>auditorem</span> <span class='ocrx_word' id='word_1_180' title='bbox 544 3579 706 3666; x_wconf 87' lang='lat' dir='ltr'>prefatum</span> <span class='ocrx_word' id='word_1_181' title='bbox 732 3579 924 3646; x_wconf 73' lang='lat' dir='ltr'>constancie</span> <span class='ocrx_word' id='word_1_182' title='bbox 953 3579 987 3642; x_wconf 94' lang='lat' dir='ltr'>in</span> <span class='ocrx_word' id='word_1_183' title='bbox 1017 3576 1086 3642; x_wconf 91' lang='lat' dir='ltr'>loco</span> <span class='ocrx_word' id='word_1_184' title='bbox 1115 3577 1294 3662; x_wconf 89' lang='lat' dir='ltr'>prescripto</span> 
     </span>
     <span class='ocr_line' id='line_1_27' title="bbox 5 3679 1294 3771; baseline -0.005 -23"><span class='ocrx_word' id='word_1_185' title='bbox 5 3730 6 3767; x_wconf 24' lang='grc' dir='ltr'><strong>ἦ</strong></span> <span class='ocrx_word' id='word_1_186' title='bbox 101 3682 230 3769; x_wconf 80' lang='grc'><strong>(1415),</strong></span> <span class='ocrx_word' id='word_1_187' title='bbox 254 3683 306 3748; x_wconf 88' lang='lat' dir='ltr'>die</span> <span class='ocrx_word' id='word_1_188' title='bbox 328 3706 407 3750; x_wconf 87' lang='lat' dir='ltr'>vero</span> <span class='ocrx_word' id='word_1_189' title='bbox 428 3685 504 3750; x_wconf 92' lang='lat' dir='ltr'>lnne</span> <span class='ocrx_word' id='word_1_190' title='bbox 526 3686 681 3750; x_wconf 83' lang='lat' dir='ltr'>vicesima</span> <span class='ocrx_word' id='word_1_191' title='bbox 695 3686 833 3771; x_wconf 90' lang='lat' dir='ltr'>septima</span> <span class='ocrx_word' id='word_1_192' title='bbox 849 3683 967 3748; x_wconf 91' lang='lat' dir='ltr'>mensis</span> <span class='ocrx_word' id='word_1_193' title='bbox 982 3681 1067 3765; x_wconf 87' lang='lat' dir='ltr'>maii,</span> <span class='ocrx_word' id='word_1_194' title='bbox 1090 3679 1294 3766; x_wconf 82' lang='lat' dir='ltr'>pontificatus</span> 
     </span>
     <span class='ocr_line' id='line_1_28' title="bbox 103 3787 1177 3876; baseline -0.006 -21.585"><span class='ocrx_word' id='word_1_195' title='bbox 103 3789 224 3854; x_wconf 90' lang='lat' dir='ltr'>domini</span> <span class='ocrx_word' id='word_1_196' title='bbox 246 3789 399 3855; x_wconf 91' lang='lat' dir='ltr'>Iohannis</span> <span class='ocrx_word' id='word_1_197' title='bbox 421 3812 505 3876; x_wconf 85' lang='lat' dir='ltr'>pape</span> <span class='ocrx_word' id='word_1_198' title='bbox 528 3792 672 3854; x_wconf 85' lang='lat' dir='ltr'>vicesimi</span> <span class='ocrx_word' id='word_1_199' title='bbox 694 3790 785 3854; x_wconf 86' lang='lat' dir='ltr'>tercii</span> <span class='ocrx_word' id='word_1_200' title='bbox 807 3787 945 3875; x_wconf 85' lang='lat' dir='ltr'>predicti</span> <span class='ocrx_word' id='word_1_201' title='bbox 968 3807 1052 3851; x_wconf 87' lang='lat' dir='ltr'>anno</span> <span class='ocrx_word' id='word_1_202' title='bbox 1075 3793 1177 3849; x_wconf 83' lang='lat' dir='ltr'>sexto.</span> 
     </span>
    </p>
   </div>
   <div class='ocr_carea' id='block_1_12' title="bbox 106 3903 1296 4103">
    <p class='ocr_par' dir='ltr' id='par_1_12' title="bbox 106 3903 1296 4103">
     <span class='ocr_line' id='line_1_29' title="bbox 210 3903 1295 3999; baseline -0.009 -22"><span class='ocrx_word' id='word_1_203' title='bbox 210 3913 352 3997; x_wconf 72' lang='lat' dir='ltr'>Zeuycn:</span> <span class='ocrx_word' id='word_1_204' title='bbox 366 3912 570 3999; x_wconf 85' lang='lat' dir='ltr'>presentibus</span> <span class='ocrx_word' id='word_1_205' title='bbox 584 3911 706 3977; x_wconf 90' lang='lat' dir='ltr'>ibidem</span> <span class='ocrx_word' id='word_1_206' title='bbox 722 3910 869 3975; x_wconf 85' lang='lat' dir='ltr'>discretis</span> <span class='ocrx_word' id='word_1_207' title='bbox 884 3910 961 3973; x_wconf 89' lang='lat' dir='ltr'>viris</span> <span class='ocrx_word' id='word_1_208' title='bbox 978 3908 1136 3994; x_wconf 79' lang='lat' dir='ltr'>magistris</span> <span class='ocrx_word' id='word_1_209' title='bbox 1152 3903 1295 3970; x_wconf 89' lang='lat' dir='ltr'>Iohanne</span> 
     </span>
     <span class='ocr_line' id='line_1_30' title="bbox 106 4009 1296 4103; baseline -0.007 -23"><span class='ocrx_word' id='word_1_210' title='bbox 106 4027 138 4081; x_wconf 88' lang='lat' dir='ltr'>et</span> <span class='ocrx_word' id='word_1_211' title='bbox 159 4017 310 4083; x_wconf 80' lang='lat' dir='ltr'>Conrado</span> <span class='ocrx_word' id='word_1_212' title='bbox 331 4019 462 4082; x_wconf 85' lang='lat' dir='ltr'>notariis</span> <span class='ocrx_word' id='word_1_213' title='bbox 484 4016 622 4103; x_wconf 92' lang='lat' dir='ltr'>publicis</span> <span class='ocrx_word' id='word_1_214' title='bbox 645 4024 677 4081; x_wconf 92' lang='lat' dir='ltr'>et</span> <span class='ocrx_word' id='word_1_215' title='bbox 698 4015 813 4081; x_wconf 90' lang='lat' dir='ltr'>scribis</span> <span class='ocrx_word' id='word_1_216' title='bbox 836 4015 951 4079; x_wconf 87' lang='lat' dir='ltr'>nostris</span> <span class='ocrx_word' id='word_1_217' title='bbox 977 4011 1140 4099; x_wconf 87' lang='lat' dir='ltr'>predictis,</span> <span class='ocrx_word' id='word_1_218' title='bbox 1172 4009 1296 4074; x_wconf 90' lang='lat' dir='ltr'>clericis</span> 
     </span>
    </p>
   </div>
   <div class='ocr_carea' id='block_1_13' title="bbox 5 4119 932 4206">
    <p class='ocr_par' dir='ltr' id='par_1_13' title="bbox 5 4119 932 4206">
     <span class='ocr_line' id='line_1_31' title="bbox 5 4119 932 4206; baseline -0.005 -18"><span class='ocrx_word' id='word_1_219' title='bbox 5 4124 7 4149; x_wconf 80' lang='lat'><strong>¹</strong></span> <span class='ocrx_word' id='word_1_220' title='bbox 107 4120 350 4189; x_wconf 79' lang='lat' dir='ltr'>Cameracensis</span> <span class='ocrx_word' id='word_1_221' title='bbox 372 4131 405 4188; x_wconf 89' lang='lat' dir='ltr'>et</span> <span class='ocrx_word' id='word_1_222' title='bbox 420 4122 597 4189; x_wconf 85' lang='lat' dir='ltr'>Vendensis</span> <span class='ocrx_word' id='word_1_223' title='bbox 620 4121 766 4206; x_wconf 89' lang='lat' dir='ltr'>diocesis,</span> <span class='ocrx_word' id='word_1_224' title='bbox 788 4119 932 4187; x_wconf 87' lang='lat' dir='ltr'>testibus.</span> 
     </span>
    </p>
   </div>
   <div class='ocr_carea' id='block_1_14' title="bbox 112 4308 1297 4560">
    <p class='ocr_par' dir='ltr' id='par_1_14' title="bbox 112 4308 1297 4560">
     <span class='ocr_line' id='line_1_32' title="bbox 211 4308 1297 4385; baseline -0.013 -14"><span class='ocrx_word' id='word_1_225' title='bbox 211 4319 293 4385; x_wconf 49' lang='lat' dir='ltr'>Oria,</span> <span class='ocrx_word' id='word_1_226' title='bbox 319 4319 397 4385; x_wconf 71' lang='lat' dir='ltr'>Perg.</span> <span class='ocrx_word' id='word_1_227' title='bbox 433 4318 492 4369; x_wconf 81' lang='lat' dir='ltr'>Lat</span> <span class='ocrx_word' id='word_1_228' title='bbox 528 4317 787 4379; x_wconf 75' lang='lat' dir='ltr'>Notariataneiehen,</span> <span class='ocrx_word' id='word_1_229' title='bbox 814 4311 1105 4366; x_wconf 76' lang='lat' dir='ltr'>Namsnsunterschrift</span> <span class='ocrx_word' id='word_1_230' title='bbox 1131 4327 1157 4360; x_wconf 88' lang='lat' dir='ltr'>n.</span> <span class='ocrx_word' id='word_1_231' title='bbox 1183 4308 1297 4374; x_wconf 81' lang='lat' dir='ltr'>Beglau·</span> 
     </span>
     <span class='ocr_line' id='line_1_33' title="bbox 112 4395 1297 4472; baseline -0.008 -18"><span class='ocrx_word' id='word_1_232' title='bbox 112 4406 319 4472; x_wconf 71' lang='lat' dir='ltr'>bigungsformal</span> <span class='ocrx_word' id='word_1_233' title='bbox 336 4422 390 4457; x_wconf 80' lang='lat' dir='ltr'>ron</span> <span class='ocrx_word' id='word_1_234' title='bbox 407 4405 520 4457; x_wconf 79' lang='lat' dir='ltr'>auderat</span> <span class='ocrx_word' id='word_1_235' title='bbox 536 4405 572 4456; x_wconf 89' lang='grc' dir='ltr'>Η.</span> <span class='ocrx_word' id='word_1_236' title='bbox 590 4422 617 4458; x_wconf 85' lang='lat' dir='ltr'>u.</span> <span class='ocrx_word' id='word_1_237' title='bbox 634 4405 722 4456; x_wconf 77' lang='lat' dir='ltr'>Tinte.</span> <span class='ocrx_word' id='word_1_238' title='bbox 749 4402 840 4470; x_wconf 74' lang='lat' dir='ltr'>Slegsl</span> <span class='ocrx_word' id='word_1_239' title='bbox 859 4418 912 4452; x_wconf 86' lang='lat' dir='ltr'>ven</span> <span class='ocrx_word' id='word_1_240' title='bbox 931 4400 1020 4452; x_wconf 87' lang='lat' dir='ltr'>rethor</span> <span class='ocrx_word' id='word_1_241' title='bbox 1038 4397 1234 4450; x_wconf 81' lang='lat' dir='ltr'>Seidenschnur</span> <span class='ocrx_word' id='word_1_242' title='bbox 1252 4395 1297 4446; x_wconf 89' lang='lat' dir='ltr'>ab·</span> 
     </span>
     <span class='ocr_line' id='line_1_34' title="bbox 113 4492 628 4560; baseline 0 -17"><span class='ocrx_word' id='word_1_243' title='bbox 113 4493 239 4559; x_wconf 73' lang='lat' dir='ltr'>gelallen3</span> <span class='ocrx_word' id='word_1_244' title='bbox 256 4494 339 4560; x_wconf 81' lang='lat' dir='ltr'>Cepia</span> <span class='ocrx_word' id='word_1_245' title='bbox 357 4495 386 4544; x_wconf 90' lang='lat' dir='ltr'>in</span> <span class='ocrx_word' id='word_1_246' title='bbox 404 4493 501 4545; x_wconf 73' lang='lat' dir='ltr'>eodo</span> <span class='ocrx_word' id='word_1_247' title='bbox 518 4493 537 4543; x_wconf 77' lang='lat' dir='ltr'>l.</span> <span class='ocrx_word' id='word_1_248' title='bbox 551 4494 601 4542; x_wconf 80' lang='grc'>344</span> <span class='ocrx_word' id='word_1_249' title='bbox 611 4492 628 4543; x_wconf 82' lang='lat' dir='ltr'>f.</span> 
     </span>
    </p>
   </div>
   <div class='ocr_carea' id='block_1_15' title="bbox 212 4635 426 4702">
    <p class='ocr_par' dir='ltr' id='par_1_15' title="bbox 212 4635 426 4702">
     <span class='ocr_line' id='line_1_35' title="bbox 212 4635 426 4702; baseline 0.005 -16"><span class='ocrx_word' id='word_1_250' title='bbox 212 4635 272 4702; x_wconf 77' lang='lat' dir='ltr'>vgl.</span> <span class='ocrx_word' id='word_1_251' title='bbox 290 4651 331 4685; x_wconf 87' lang='lat' dir='ltr'>nr.</span> <span class='ocrx_word' id='word_1_252' title='bbox 351 4635 426 4687; x_wconf 79' lang='lat' dir='ltr'>lost.</span> 
     </span>
    </p>
   </div>
   <div class='ocr_carea' id='block_1_16' title="bbox 0 0 1652 5500">
    <p class='ocr_par' dir='ltr' id='par_1_16' title="bbox 0 0 1652 5500">
     <span class='ocr_line' id='line_1_36' title="bbox 0 0 1652 5500; baseline 0 0"><span class='ocrx_word' id='word_1_253' title='bbox 0 0 1652 5500; x_wconf 95' lang='lat' dir='ltr'> </span> 
     </span>
    </p>
   </div>
  </div>
 </body>
</html>
