3250 5500
334 473 400 537 244

333 662 438 747 61019
459 683 520 728 oon
537 663 812 747 Klosteueuharp
834 665 895 729 deu
917 665 1123 731 moweseudcc
1142 662 1296 731 0111111111
1315 662 1444 747 Pewper
1464 684 1528 730 voa

333 766 553 849 Hddcrsdorff
576 769 646 833 arrd
674 768 736 833 dea
763 767 903 850 Pforrer
933 769 1043 836 Urbes
1070 771 1107 834 iu
1137 770 1235 835 Staio
1263 770 1299 833 in
1329 770 1438 835 descen
1459 770 1528 835 Ab·

333 871 499 937 messam
531 872 805 956 bcoollmdcbliqte,
839 894 883 937 on
916 874 1018 939 seiher
1046 878 1125 939 matt
1153 872 1220 955 cof
1241 872 1294 939 die
1319 872 1529 955 Pfarrbirche

332 989 406 1041 tam
435 976 506 1041 beel.
529 976 659 1042 Martie
686 978 725 1041 in
747 976 947 1059 Miclaelpoob
973 978 1010 1042 io
1032 978 1083 1043 dic
1104 977 1207 1043 Hand
1228 978 1282 1043 des
1303 978 1399 1043 Abies
1420 976 1530 1042 Lacus

332 1082 370 1144 in
402 1078 561 1165 otocwtq
592 1080 643 1146 als
675 1082 729 1147 des
760 1080 919 1148 Patronus
951 1083 1025 1148 odor
1056 1084 1157 1149 selues
1190 1081 1433 1149 Steuvaaears
1465 1081 1528 1147 sub

332 1184 437 1249 forma
468 1186 718 1271 permutacionis
747 1187 780 1250 in
810 1188 881 1251 iure
910 1208 1064 1253 concesse
1094 1207 1136 1253 ru
1163 1187 1357 1270 resipaicres
1385 1186 1454 1252 aod
1481 1187 1529 1251 im

331 1289 497 1372 Nothfolle
518 1288 718 1356 Sabatitotan
738 1311 780 1356 ra
801 1311 970 1357 meroen.

435 1393 575 1460 Dolum:
599 1395 684 1459 Acta
706 1409 781 1461 sunt
802 1396 865 1461 hee
880 1394 1005 1482 (1432),
1028 1394 1203 1461 indictione
1219 1395 1356 1471 decima,
1380 1394 1432 1459 dio
1448 1418 1529 1460 vero

331 1498 488 1564 Mercurii
520 1500 632 1565 ultima
664 1502 783 1565 mensis
817 1501 937 1586 aprilis,
971 1500 1050 1567 horu
1080 1502 1172 1587 quasi
1202 1522 1370 1585 nonarum,
1401 1500 1529 1587 pontifi·

331 1612 423 1669 catus
438 1614 500 1669 etc.
524 1606 663 1690 Eugenii
685 1614 746 1670 etc.
768 1627 854 1691 pape
877 1608 983 1692 quarti
1004 1627 1089 1671 anno
1111 1608 1263 1691 regeneie
1288 1607 1356 1670 eius
1379 1603 1526 1671 secundo

331 1712 362 1774 in
392 1709 582 1795 Ncwburga
613 1709 774 1775 claustrali
804 1710 1007 1775 Pataviensis
1037 1710 1185 1795 diocesis,
1215 1712 1248 1775 in
1279 1710 1373 1775 domo
1403 1709 1529 1774 habita-

333 1817 431 1880 cionis
454 1824 515 1880 etc.
540 1814 650 1880 Georii
679 1816 834 1901 prepositi
861 1814 981 1880 ibidem
1004 1817 1190 1880 monasterii
1212 1815 1439 1902 gloriosissime
1461 1816 1528 1879 rir-

331 1921 414 2006 ginis
444 1919 547 1984 Marie
577 1920 741 2005 genitricis
771 1918 824 1984 dei
853 1921 886 1984 in
917 1919 1072 1984 cenaculo
1103 1942 1222 2007 magno
1252 1922 1344 1984 iuxta
1367 1917 1529 2004 capellam

331 2026 433 2088 sancti
455 2023 580 2088 Thome
603 2025 745 2109 episcopi
769 2032 801 2088 et
823 2024 970 2089 martiris.

435 2128 576 2212 Zeopea:
606 2128 810 2215 presentibus
841 2128 1020 2194 venerabili
1041 2138 1135 2215 patre
1159 2127 1287 2193 domino
1311 2126 1429 2193 Georio
1453 2150 1527 2214 pre-

330 2234 433 2317 posito
455 2232 685 2318 Neuburgensi
711 2232 832 2297 ordinis
855 2232 1114 2317 Augustinensis,
1145 2231 1290 2319 Nycolao
1313 2232 1430 2316 thkl,
1462 2234 1530 2297 civi

330 2335 577 2421 Newburgensi,
601 2336 736 2402 Iohanni
757 2336 992 2402 Lankchamer
1013 2346 1086 2421 ete,
1118 2336 1244 2401 clericis
1266 2347 1299 2401 et
1319 2335 1409 2402 laicis
1431 2337 1529 2402 Pata

330 2442 450 2505 viensis
473 2450 506 2505 et
527 2440 771 2527 Herbipolensis
795 2440 994 2527 dycesium.⁸

433 2632 507 2699 Orig.
527 2631 582 2701 (A),
601 2632 677 2699 Perg.
700 2633 759 2684 Lat.
778 2632 1035 2695 Notariatsreichen,
1053 2632 1235 2684 Unterschrift
1253 2648 1279 2683 u.
1294 2632 1528 2699 Beglanbignngs·

329 2719 424 2770 formel
441 2736 495 2771 von
512 2719 561 2770 der
578 2720 613 2770 Η.
626 2719 652 2771 d.
664 2718 910 2786 Urk.·Schreibers;
930 2720 1014 2786 Copie
1032 2722 1060 2771 in
1079 2718 1178 2772 (lodo
1196 2720 1214 2771 f.
1232 2715 1292 2770 116'
1305 2718 1359 2789 (Β).

372 2980 473 3048 1170.
1141 2987 1300 3045 14311111
1317 2988 1367 3054 le,
1384 2987 1479 3045 wien.
1551 2937 1556 2944 ’

432 3170 565 3236 Johaaa
587 3170 769 3252 Gwcbich,
792 3171 912 3237 Doctor
933 3173 990 3237 der
1011 3172 1142 3238 Decretc
1169 3173 1238 3238 aad
1258 3171 1421 3238 Poesoaer
1443 3171 1526 3254 Offi-

328 3276 392 3341 oiol
413 3277 450 3341 in
472 3277 574 3359 Wicra
597 3277 675 3344 biset
697 3280 762 3361 auf
778 3279 831 3343 die
853 3277 944 3343 Bittc
966 3277 1020 3343 dee
1035 3275 1224 3360 Ghltweiper
1238 3277 1407 3359 Professor
1422 3275 1525 3360 Wolf-

325 3403 411 3465 poup
433 3383 534 3447 droth
555 3384 662 3448 11111111
684 3383 858 3463 Schreiber,
881 3381 942 3448 dea
963 3382 1069 3447 Notor
1083 3381 1214 3448 Johonu
1229 3381 1448 3465 Aiohelperper
1463 3403 1525 3446 vora

327 3485 507 3551 Neumorkt
529 3485 585 3572 (de
599 3486 788 3571 Novosoro),
812 3488 903 3552 sicea
925 3485 1065 3552 Clerilrer
1087 3486 1144 3550 der
1165 3485 1360 3552 Echemus
1383 3485 1526 3566 Diricesa

328 3589 381 3654 die
395 3589 566 3658 Urkaadec
591 3591 722 3675 (Facbs,
745 3589 935 3674 Gdltweiper
950 3589 1135 3658 Uria-Book
1157 3589 1183 3655 I
1199 3593 1235 3656 iu
1254 3592 1383 3672 Foetes,
1405 3595 1436 3671 2,
1461 3589 1525 3672 LI,

328 3716 378 3759 cr.
395 3699 469 3775 209,
492 3698 558 3762 243
579 3698 708 3779 11341)
731 3696 990 3762 transsumierea.

431 3799 567 3883 Sicpler:
589 3798 646 3865 der
668 3798 1016 3866 Urkandeaccssteller.

431 3905 555 3969 Datum
584 3913 618 3968 et
646 3912 754 3968 aetum
779 3903 929 3987 Wienne‚
960 3903 1045 3968 dicte
1075 3903 1276 3968 Pataviensis
1307 3902 1465 3989 dyocesis,
1489 3906 1524 3969 in

328 4008 423 4074 domo
452 4019 559 4074 nostre
590 4007 681 4073 solite
712 4007 923 4072 habitacionis
948 4006 1071 4094 (1432),
1100 4007 1275 4073 indictione
1306 4007 1444 4091 decima,
1469 4007 1523 4073 die

327 4135 406 4177 vero
434 4113 510 4178 lune
541 4112 667 4178 decima
698 4133 784 4176 nona
813 4115 934 4177 mensis
965 4114 1050 4197 maii,
1074 4111 1153 4177 hora
1175 4133 1395 4198 vesperorum,
1419 4117 1522 4199 ponti-

327 4217 443 4281 ficatus
465 4226 526 4283 etc.
550 4218 690 4302 Eugenii
713 4223 773 4282 etc.
796 4239 882 4303 pape
906 4219 1012 4303 quarti
1034 4237 1118 4280 anno
1142 4218 1209 4282 eius
1233 4217 1386 4283 seeundo.

432 4321 574 4406 Zeupeu:
606 4321 812 4408 presentibus
845 4322 969 4387 ibidem
1002 4321 1180 4386 venerabili
1214 4331 1247 4386 et
1280 4324 1411 4408 egregio
1440 4325 1523 4408 viro,

326 4429 480 4510 magistro
502 4426 651 4491 Erhardo
666 4426 833 4492 Horrennt
856 4425 896 4491 de
916 4425 1127 4511 Neunburga‚
1152 4424 1356 4492 decretorum
1379 4426 1522 4512 doctore,

327 4552 366 4594 ac
401 4529 640 4596 honorabilibus
673 4534 767 4614 viris,
803 4529 939 4596 dominis
973 4530 1116 4596 Henrico
1150 4529 1314 4596 Feuehter
1348 4531 1388 4595 de
1422 4531 1520 4616 Perg,
