3250 5500
1268 481 1309 546 hi

220 675 242 726 Ι.
260 674 330 724 rund
349 673 415 741 (δῖ),
433 675 492 726 roth
511 675 560 726 auf
575 675 644 736 sch,
663 675 733 726 ΝΔ
746 677 769 724 2.
804 675 838 726 U.
857 676 887 724 in
904 673 1039 726 Minuslrel
1058 675 1223 726 undautlich.
1258 675 1312 726 Die

119 762 265 828 Dreiberge
283 762 403 812 hestecht
423 764 471 812 mit
489 762 549 813 dem
567 763 681 813 Kranae.
710 789 742 798 -
771 761 805 812 ll.
824 760 988 827 beschidigt
1007 761 1076 812 rund
1094 762 1159 828 (30),
1177 765 1246 828 grttn
1264 761 1314 812 auf

118 848 187 908 Soh,
205 849 244 898 IV
256 849 279 898 Α
292 851 316 898 2.
353 849 400 899 U.:
428 866 448 900 s.
466 851 550 914 georii
565 865 570 876 ·
584 865 617 899 en
637 885 643 900 .
663 887 669 898 .
689 885 695 898 .
714 848 775 899 chel
789 864 794 874 ·
808 849 841 898 de
857 848 995 900 'lauetort
1032 850 1086 899 Der
1104 848 1197 899 Schild
1214 850 1309 914 abgeb.

119 936 160 986 bei
178 935 301 996 Hueber,
319 937 433 996 Austris,
452 936 483 986 Τ.
496 938 528 986 24
548 954 586 986 nr.
600 937 624 987 ὅ.
644 964 676 972 -
696 936 743 986 111.
763 935 936 997 aerhrochen,
953 939 1021 1001 grttn
1039 936 1088 985 auf
1103 935 1163 986 Sch.

158 1178 238 1246 948.
963 1183 1046 1242 laos
1062 1185 1124 1241 tuli
1140 1185 1169 1252 3,
1186 1185 1267 1242 Rom.

116 1353 219 1436 Popst
251 1354 408 1419 Iunoceua
430 1354 506 1419 VII.
530 1354 711 1437 beouftrapt
738 1355 797 1418 den
829 1353 987 1418 Olmittaer
1010 1353 1140 1436 Official
1168 1355 1227 1420 mit
1256 1355 1313 1418 der

117 1458 357 1544 Ueterucchuoy
380 1460 433 1524 des
448 1457 581 1524 Streites
602 1458 755 1524 saeclum
777 1459 847 1524 dem
862 1458 960 1542 Stifle
975 1457 1129 1541 Gottweiq
1151 1458 1219 1522 aad
1241 1458 1312 1522 durs

289 1564 386 1630 Vicae
408 1565 464 1629 der
486 1563 605 1646 Pfurre
627 1563 713 1628 Nato
737 1563 985 1629 Bartholomdus
1007 1561 1139 1646 Wirfel.

221 1740 296 1806 On'g.
318 1737 372 1807 (A),
399 1739 475 1804 Perg.
503 1738 697 1789 durchlttehert.
735 1737 871 1789 Bleibulle
897 1753 932 1787 an
958 1737 1143 1802 Heniochum
1173 1737 1257 1804 copie
1282 1739 1312 1788 in

5 1839 6 1896 ξ
116 1827 215 1880 coac
234 1824 378 1894 Μ’(Β).

5 1987 6 2004 t
221 1949 278 2001 hul
299 1949 359 2000 dem
378 1949 455 2015 Buge
473 1949 561 1999 rechts
578 1948 626 1999 der
638 1949 767 1999 Vermerh
786 1947 834 1999 dea
851 1947 1097 1999 Usu-schramm:
1115 1946 1149 1998 N.
1168 1945 1201 1997 de
1218 1947 1311 2013 Rapta

5 2053 7 2066 ’
114 2053 158 2088 am
176 2037 289 2088 rechten
307 2037 402 2087 Raude
420 2036 466 2086 des
485 2036 582 2087 Textss
600 2037 645 2086 ein
663 2035 903 2101 langgestreclrtes:
930 2033 968 2098 Ρς
991 2035 1041 2086 aut
1056 2034 1104 2086 der
1120 2033 1266 2086 thkaeite
1282 2035 1311 2085 in

5 2129 7 2154 ²
115 2125 163 2176 der
179 2125 277 2175 linken
294 2123 445 2176 Obereehe:
464 2123 500 2173 lo.
515 2141 566 2188 pro
584 2122 685 2173 dorsuo
700 2121 792 2188 Godf.;
809 2125 840 2172 in
857 2122 904 2172 der
921 2123 999 2172 Mitte
1017 2122 1063 2172 dee
1081 2123 1181 2174 cheron
1192 2122 1311 2174 Bendas:

5 2245 7 2292 3
115 2212 146 2262 A.
164 2212 279 2277 Wireiup
302 2212 475 2278 (Gttttweiger
494 2209 674 2276 Procurator);
704 2211 732 2259 in
750 2210 797 2260 der
816 2209 927 2261 rechten
944 2210 1044 2260 cheren
1062 2208 1137 2259 Echo
1155 2208 1202 2259 das
1219 2210 1311 2260 hicno-

5 2321 7 2376 ;
115 2316 219 2367 gramm
237 2302 313 2351 eines
333 2299 458 2351 Namens.

221 2456 430 2522 Innocentius
461 2458 640 2542 episcopus,
671 2475 785 2520 servus
815 2477 983 2520 servorum
1013 2453 1076 2539 dei,
1107 2453 1224 2518 dilecto
1246 2452 1310 2518 filio

5 2551 7 2610 ἶ
117 2560 250 2626 officiali
272 2558 479 2626 Olomncensi
502 2559 637 2626 salutem
661 2569 694 2624 et
715 2559 923 2646 apostohcam
938 2556 1206 2624 benedictionem.
1230 2557 1311 2623 Gon·

5 2729 7 2746 ‚
116 2669 223 2754 questi
247 2674 323 2730 sunt
344 2664 436 2729 nobis
460 2716 468 2728 .
493 2715 499 2728 .
524 2663 628 2729 abhas
651 2673 683 2730 et
705 2673 884 2729 conventus
898 2665 1083 2728 monasterii
1096 2663 1192 2728 beate
1207 2662 1310 2727 Maria

5 2754 7 2857 ζ
116 2774 150 2836 in
173 2772 335 2837 Gottwico
363 2769 484 2835 ordinis
507 2773 609 2835 sancti
631 2768 801 2835 Benedicti
823 2770 1026 2834 Pataviensis
1047 2768 1193 2851 diocesis,
1224 2765 1311 2853 quod

115 2875 365 2941 Bartholomeus
388 2874 536 2959 Wurffel,
567 2884 741 2960 perpetuus
771 2876 911 2939 vicarius
941 2872 1150 2959 parrochialis
1173 2873 1310 2937 ecclesie

116 2984 147 3045 in
170 2979 269 3045 Nelih
302 2978 386 3045 dicte
417 2979 563 3063 diocesis,
592 3001 691 3067 super
722 2978 915 3065 quibusdam
944 2981 1059 3044 annuis
1082 2976 1311 3065 pensionibusl

117 3096 149 3149 et
177 3085 278 3150 rebus
308 3084 378 3149 aliis
408 3084 450 3148 ad
481 3084 602 3149 dictum
633 3085 862 3149 monasterium
892 3083 1111 3170 spectantibus
1143 3083 1312 3147 iniuriatur

115 3189 250 3255 eisdem.
298 3188 381 3255 Cum
412 3189 570 3274 [autem]⁸
593 3189 680 3254 idem
704 3198 947 3274 conquerentes,
971 3191 1055 3252 sicut
1076 3196 1234 3268 assemmt,
1257 3209 1311 3273 po-

115 3297 250 3359 tentiam
274 3292 351 3357 dicti
373 3295 552 3358 injuriantis
575 3294 688 3358 merito
710 3292 994 3379 perhorrescentes
1017 3315 1092 3357 eum
1114 3292 1199 3358 infra
1220 3293 1310 3376 [civi-

115 3400 253 3481 tJatem⁸
284 3420 341 3462 seu
372 3397 525 3463 diocesim
548 3399 776 3463 Pataviensem
803 3407 966 3483 nequeant
989 3399 1162 3462 convenire
1185 3418 1311 3480 secure,

116 3502 302 3567 discretioni
332 3511 386 3567 tue
416 3525 474 3587 per
496 3502 671 3588 apostolica
693 3504 813 3589 scripta
836 3501 1037 3584 mandamus,
1060 3510 1217 3588 quatenus
1239 3524 1311 3587 par·

116 3606 201 3672 tibus
233 3608 419 3671 convocatis
448 3605 562 3673 audias
593 3628 725 3671 causam
755 3616 787 3671 et
816 3605 1031 3693 appellatione
1058 3616 1180 3671 remota
1203 3604 1311 3670 debito

117 3713 180 3776 fine
212 3710 346 3776 decidas
377 3711 524 3794 fatiens,l
554 3710 641 3796 quod
664 3710 859 3795 decreveris,
886 3734 946 3797 per
968 3732 1139 3775 censuram
1162 3709 1311 3774 ecclesia-

116 3819 230 3881 sticam
264 3816 400 3881 firmiter
432 3815 599 3880 observari
633 3817 771 3901 proviso,
806 3838 848 3881 ne
882 3814 968 3880 dicte
996 3817 1168 3901 pensiones
1200 3824 1312 3879 contra

5 3914 7 3961 ἶ
115 3920 347 3985 Lateranensia
378 3928 497 3985 statuta
524 3919 651 3987 concilii
673 3923 737 3985 sint
758 3922 905 4006 impositc
928 3920 980 3984 vel
1003 3918 1151 3985 adaucte.
1198 3919 1312 3984 Testes

116 4034 235 4107 autem,
267 4028 323 4109 qui
352 4024 471 4089 fuerint
496 4027 660 4109 nominati,
691 4026 718 4089 si
748 4046 784 4089 se
806 4028 910 4109 gratia
933 4024 1006 4089 odio
1028 4024 1082 4089 vel
1103 4026 1217 4089 timore
1240 4024 1313 4089 sub·

116 4130 287 4213 traxerint,
311 4150 448 4193 censura
471 4129 565 4195 simili
587 4128 803 4215 appellatione
826 4140 973 4195 cessante
997 4129 1169 4215 compellas
1184 4130 1313 4193 veritati

116 4235 353 4299 testimonium⁰
386 4232 566 4319 perhibere.
612 4234 735 4298 Datum
757 4234 860 4299 Rome
889 4233 978 4320 apud
1001 4233 1157 4300 Sanctum
1179 4233 1311 4298 Petrum

117 4338 157 4403 V.
172 4359 275 4403 nonas
298 4337 373 4422 iulii,
397 4340 600 4424 pontificatus
623 4341 719 4405 nostri
743 4360 828 4403 anno
851 4341 963 4425 primo.

117 4561 183 4617 MS.
221 4575 235 4599 ¹
253 4564 345 4615 Durch
363 4565 410 4615 ein
426 4564 502 4616 Loch
519 4571 638 4617 herstart,
658 4592 690 4603 -·
709 4567 722 4599 θ
740 4566 771 4615 A.
789 4592 820 4603 —
842 4565 951 4631 0Folgt
967 4567 1012 4617 ein
1030 4566 1154 4632 lingeret
1171 4566 1266 4617 Strich.

220 4686 231 4717 ²
249 4687 340 4739 Ntther
358 4686 459 4739 erklart
477 4686 560 4738 durch
579 4686 621 4738 die
641 4687 828 4739 Ueherschrift
843 4689 873 4737 in
891 4688 935 4738 B.:
963 4688 1064 4739 Littera
1081 4686 1227 4738 Iurwceucii
1240 4704 1311 4752 pape

119 4774 528 4839 demmuocenmpersolcaudo
546 4774 1082 4841 deparwehioNtlibdtctomouaetcrto
1101 4774 1269 4827 adamasset.
