3250 5500
1248 524 1312 593 673

123 715 386 787 obedienciamm
408 741 475 783 sevv
497 716 558 785 fori
580 715 624 783 ad
645 738 680 783 se
703 740 762 806 per
779 719 848 783 eius
863 720 1036 785 nanceium
1052 718 1094 785 ad
1110 721 1209 805 ipsius
1225 722 1313 785 curie

122 824 337 891 residenoiam
358 833 466 890 vestre
486 822 667 890 reverende
687 825 889 911 paternitatis
904 826 1031 890 nomine
1045 827 1158 890 venire
1173 826 1313 907 vocavit,

122 951 219 1015 quem
241 928 385 1015 prefatus
408 927 552 994 decanus
575 929 676 993 sacris
699 926 786 993 beati
808 929 909 1014 patris
925 926 1094 993 Benedicti
1114 929 1314 995 constitucio-

121 1033 217 1098 nibus
248 1055 286 1098 ac
315 1032 494 1119 approbate
518 1034 586 1097 eius
608 1031 720 1117 regule
743 1042 855 1097 sancte
879 1030 1165 1097 consuetudinibus
1187 1034 1314 1119 penitus

123 1139 239 1224 spretis
268 1147 365 1223 atque
396 1139 524 1202 semotis
554 1137 802 1224 presumpcione
833 1138 1002 1202 temeraria
1030 1138 1096 1203 suis
1118 1138 1316 1222 mancipavit

121 1240 258 1307 vinculis
281 1262 420 1327 eumque
443 1243 512 1305 sine
534 1242 620 1306 omni
642 1242 720 1306 iuris
743 1239 855 1305 ordine
879 1250 991 1307 contra
1013 1240 1110 1306 deum
1126 1250 1159 1307 et
1174 1242 1315 1327 equitate

123 1348 247 1412 iusticie
269 1344 425 1412 naturalis
441 1346 652 1432 spiritualium
668 1367 889 1432 personarum,
913 1354 1026 1410 conca
1041 1367 1138 1431 quem
1153 1346 1315 1431 logisticas

122 1462 173 1516 ast
188 1452 360 1516 canonicas
375 1452 564 1515 sancciones
583 1452 661 1515 iuris
676 1452 802 1537 positivi
823 1451 889 1514 suis
904 1448 1028 1537 absque
1045 1448 1207 1515 demeritis
1223 1449 1315 1516 nobis

122 1578 162 1620 ac
191 1558 250 1620 toti
277 1577 370 1621 sacro
392 1555 496 1620 ordini
518 1557 621 1620 sancti
643 1553 812 1620 Benedicti
834 1556 866 1619 in
891 1554 1034 1621 dedecus
1056 1554 1099 1619 ad
1123 1556 1191 1620 eius
1214 1558 1314 1620 sacris

123 1659 311 1747 approbatis
334 1661 600 1725 constitucionum
621 1658 824 1724 libertatibus
846 1661 1064 1747 inproperium
1088 1668 1120 1724 et
1135 1658 1315 1725 demolicio-

123 1787 198 1830 nem
227 1763 375 1851 pluribus
406 1763 520 1830 diebus
550 1785 653 1850 usque
683 1764 727 1828 ad
750 1762 994 1850 provincialium
1017 1766 1172 1850 scriptum
1194 1766 1315 1829 tenoris

122 1868 177 1933 hio
210 1870 322 1933 inserti
355 1867 427 1933 dire
457 1870 522 1933 suis
553 1869 759 1933 conservavit
788 1868 968 1954 ergastulis.
1013 1864 1141 1933 Idcirco
1174 1878 1316 1934 vestram

123 1972 338 2038 reverendam
360 1974 585 2059 paternitatem
609 1971 761 2037 devocius
784 1993 860 2037 cum
882 1970 1043 2057 condigna
1065 1971 1243 2037 humilitate
1259 1972 1314 2038 im-

125 2077 298 2163 ploramus,
323 2088 480 2164 quatenns
504 2076 619 2142 eadem
641 2098 769 2141 omnem
792 2076 976 2162 possibilem
998 2075 1231 2143 humanitatem
1246 2099 1316 2164 pre·

124 2184 288 2247 nominato
311 2181 434 2247 decano
457 2202 497 2246 ac
520 2180 580 2245 sibi
604 2182 780 2246 commissis
803 2190 947 2267 tempore
971 2183 1055 2246 omni
1078 2183 1233 2268 precipue
1256 2181 1317 2246 hiis

125 2288 321 2353 differenciis
354 2298 438 2353 terre
473 2285 655 2373 vigentibus
690 2285 731 2351 ob
768 2296 954 2372 respectum
990 2298 1098 2351 vestre
1135 2286 1316 2352 reverende

123 2392 310 2479 paternitati
338 2393 534 2477 prestitam·
564 2389 683 2455 deinde
706 2389 854 2455 omnibus
876 2391 953 2455 iuris
977 2389 1223 2477 disposicionem
1246 2412 1315 2477 pre-

124 2496 279 2583 libatique
309 2495 396 2563 beati
417 2492 588 2563 Benedicti
609 2496 709 2581 patris
730 2496 831 2560 nostri
855 2496 1120 2559 constitucionem
1143 2517 1183 2560 ac
1205 2494 1316 2579 regule

125 2610 236 2666 sancte
267 2597 506 2666 consuetudinis
536 2598 808 2685 approbacionem
839 2601 971 2685 eiusque
995 2598 1115 2665 ordinis
1137 2608 1188 2664 ast
1210 2620 1316 2664 mona-

125 2706 294 2771 steriorum
323 2706 464 2772 omniurn
494 2701 697 2770 libertatibus
725 2702 954 2788 defensionem,
977 2725 1019 2769 ne
1043 2703 1105 2769 hec
1127 2705 1160 2770 in
1184 2702 1314 2770 diversi-

125 2819 225 2875 tatem
248 2808 456 2896 dedecusque
478 2809 672 2875 secularium
694 2831 734 2874 ac
755 2808 978 2894 religiosarum
1001 2830 1209 2895 personarum
1229 2811 1262 2874 in
1278 2832 1318 2875 ea

126 2924 181 2980 aut
211 2914 366 2980 consimili
395 2936 432 2980 rc
461 2913 671 3000 periculosius
701 2911 767 2978 labi
798 2915 972 2999 contingat,
1001 2914 1101 2978 oculis
1123 2914 1250 3000 pietatis
1272 2915 1317 2978 in-

125 3021 209 3084 tueri
238 3028 271 3084 et
300 3021 410 3085 intime
439 3017 607 3084 attendere
638 3026 671 3082 et
700 3017 792 3083 nobis
823 3020 856 3082 in
879 3040 977 3105 supra
1001 3020 1164 3105 expositis,
1188 3039 1251 3104 que
1274 3016 1316 3083 ab

126 3144 189 3188 evo
218 3123 420 3188 fundacionis
449 3121 594 3210 predicto
617 3124 809 3187 monasterio
832 3131 898 3186 tam
920 3121 1136 3188 inhumaniter
1158 3144 1221 3187 non
1245 3132 1319 3187 sunt

126 3226 224 3307 illata,
254 3229 430 3313 graciosius
462 3228 610 3313 compati.
655 3226 795 3312 Insuper
825 3225 866 3290 de
898 3225 983 3291 dicto
1014 3225 1138 3292 decano
1161 3227 1318 3292 iusticiam

126 3331 169 3396 ad
198 3330 394 3417 condignum
417 3353 490 3397 cum
514 3330 746 3421 satisfaccionia
769 3330 1002 3418 complemento
1026 3332 1117 3397 nobis
1140 3353 1318 3417 provocare

126 3436 204 3502 velit
226 3437 361 3502 servatis
384 3438 417 3501 in
439 3436 500 3501 hiis
523 3457 602 3521 erga
623 3457 682 3500 nos
705 3434 816 3500 debita
838 3439 971 3502 caritate
991 3446 1023 3502 et
1043 3437 1242 3519 reverencia,
1267 3437 1318 3500 cui

126 3543 278 3606 assistere
305 3539 454 3606 volumus
477 3561 611 3626 corpore
632 3538 732 3606 rebus
755 3549 789 3605 et
810 3539 958 3606 omnibus
980 3540 1074 3606 nobis
1096 3540 1178 3606 adeo
1200 3539 1318 3606 tallatis

126 3667 184 3712 scu
212 3644 425 3712 conferendis.
470 3645 538 3711 Nos
562 3666 689 3731 quoquc
712 3665 792 3730 erga
813 3653 956 3712 vestram
978 3645 1191 3711 reverendam
1214 3654 1317 3731 pater·

126 3753 260 3816 nitatem
282 3749 526 3815 observabimus
542 3771 590 3834 ea,
615 3771 678 3834 que
694 3748 883 3815 obediencie
899 3752 1086 3815 reverencie
1101 3772 1141 3815 ac
1156 3748 1318 3816 fidelitatis

127 3857 269 3920 existunt
290 3863 458 3941 sperantes
481 3862 605 3919 tantum
628 3852 843 3939 complacere,
866 3865 1022 3939 quantum
1045 3856 1116 3941 quis
1132 3853 1252 3919 debeat
1266 3853 1319 3918 vel

126 3961 227 4046 possit
258 3958 298 4024 de
329 3961 445 4025 vestris
475 3958 604 4045 prelatis
628 3978 686 4021 seu
708 3956 855 4041 subditis,
878 3957 1177 4024 recommendantes
1199 3980 1257 4023 nos
1280 3981 1319 4024 ac

126 4065 226 4128 nostri
238 4062 359 4129 ordinis
370 4085 410 4129 ao
421 4064 506 4129 sacri
519 4063 756 4127 constitucionis
767 4061 1008 4147 privilegiorum
1019 4071 1127 4128 vestre
1139 4063 1318 4128 reverende

126 4169 321 4255 paternitati,
343 4177 380 4234 ut
403 4168 620 4232 conservatori
642 4163 798 4252 predigno
815 4165 992 4232 earundem
1008 4165 1147 4232 eandem
1162 4188 1317 4252 responsa

125 4281 221 4357 grata
245 4294 320 4338 cum
342 4272 461 4359 effectu
483 4269 575 4338 nobis
598 4271 832 4336 amministrare
855 4279 947 4336 curet
969 4273 1002 4336 in
1024 4270 1153 4336 laudem
1178 4270 1230 4335 dei
1253 4273 1318 4337 ani-

125 4397 318 4463 marumque
344 4375 480 4442 salutem
509 4373 628 4442 exinde
654 4376 800 4460 graciam
829 4396 916 4440 nunc
945 4385 1119 4462 receptura
1145 4399 1165 4440 a
1195 4375 1257 4440 deo
1287 4384 1320 4440 et

125 4482 262 4566 gloriam
293 4484 326 4547 in
356 4480 464 4547 seculo
493 4481 612 4546 futuro.
657 4480 711 4544 Ex
734 4477 886 4545 Gottbico
916 4479 1089 4546 undecima
1119 4478 1171 4545 die
1201 4482 1319 4545 mensis

126 4587 241 4652 marcii
263 4607 347 4651 anno
370 4585 491 4650 domini
513 4594 575 4650 etc.
599 4583 741 4649 LXIIII.

127 4811 211 4871 msa
230 4824 244 4850 ·
261 4814 333 4867 aaa
349 4817 493 4880 ma».
