3250 5500
1250 526 1292 596 23

4 709 6 736 l
103 718 167 782 vice
196 714 370 803 disponere
400 718 522 805 potuit·
545 717 613 784 sive
635 717 761 806 potestl
783 721 1004 787 reservatione
1028 730 1060 787 et
1083 721 1215 787 decreto
1238 722 1291 788 ob-

102 821 281 888 sistentibus
316 823 518 908 supradictis,
553 845 594 890 ne
627 825 722 910 longe
756 827 942 891 vaoacionis
976 835 1213 913 exponeretur⁰
1247 829 1292 893 in·

101 927 281 1014 commodis,
311 931 455 1014 paternis
486 937 518 994 et
549 928 677 994 solicitis
709 929 822 996 studiis
852 929 1057 997 intendentes
1078 940 1151 1018 post
1173 930 1292 997 delibe-

4 1029 8 1124 ζ
99 1033 270 1118 racionem,
307 1055 407 1119 quam
444 1031 485 1098 de
518 1033 718 1121 preficiendo
752 1033 860 1101 eidem
894 1039 1086 1102 monasterio
1120 1057 1291 1123 personam

98 1135 203 1202 utilem
237 1146 269 1203 et
298 1137 460 1225 ydoneam
488 1161 527 1204 ac
558 1141 662 1205 eciam
684 1140 882 1206 fructuosam
906 1163 980 1207 cum
1001 1140 1154 1207 fratribus
1176 1144 1292 1207 nostris

4 1233 6 1302 l
97 1240 266 1307 habuimus
290 1242 487 1329 diligentem,
510 1242 641 1309 demum
665 1242 707 1309 ad
730 1254 772 1329 te,
797 1247 849 1310 cui
872 1245 913 1310 de
935 1245 1099 1331 religionis
1121 1245 1189 1311 nelo
1211 1247 1291 1310 litte·

98 1369 203 1411 rarum
228 1349 369 1414 sciencia
389 1351 456 1414 vite
478 1348 643 1414 mundicia
664 1349 833 1415 honestate
853 1373 980 1416 morum
994 1351 1206 1437 spiritualium
1220 1373 1291 1438 pro

97 1450 246 1517 videncia
269 1463 301 1517 et
323 1452 547 1539 temporalium
571 1455 847 1541 circunspectione
870 1477 909 1519 ac
932 1455 1002 1520 aliis
1016 1458 1171 1521 virtutum
1188 1455 1289 1541 donis,

5 1639 6 1642 Ἴ
97 1555 211 1642 quibus
235 1578 406 1643 personam
428 1567 517 1624 tuam
541 1580 652 1624 earum
674 1557 807 1644 largitor
829 1560 977 1625 dominus
999 1563 1174 1646 insignivit,
1202 1559 1289 1648 apud

96 1683 149 1726 nos
179 1661 248 1727 fide
280 1661 378 1748 digna
404 1665 583 1729 testimonia
605 1663 827 1751 perhibentur,
852 1664 1028 1731 direximus
1051 1665 1160 1730 oculos
1182 1675 1289 1731 nostre

4 1779 6 1806 ³
95 1767 218 1850 mentis,
244 1767 363 1853 quibus
386 1767 535 1834 omnibus
557 1790 685 1834 necnon
709 1769 868 1834 dictorum
892 1779 1070 1835 conventus
1092 1778 1147 1835 te·
1170 1769 1289 1857 eligen-

4 1913 5 1918 κ
96 1873 177 1935 cium
208 1869 363 1937 concordi
392 1873 556 1937 voluntate
586 1880 708 1939 attenta
738 1872 946 1938 meditatione
976 1876 1118 1960 pensatis
1150 1873 1192 1938 de
1218 1896 1289 1961 per-

94 1997 168 2041 sona
190 1985 250 2042 tua
271 1976 364 2042 nobis
387 1987 419 2043 et
442 1976 564 2043 eisdem
586 1977 739 2044 fratribus
761 1978 803 2044 ob
828 1977 986 2044 dictorum
1008 1989 1135 2044 tuorum
1158 1980 1288 2064 exigen-

94 2081 173 2146 ciam
197 2083 387 2147 meritorum
410 2093 548 2170 accepta
570 2083 677 2148 eidem
699 2085 892 2149 monasterio
916 2083 957 2148 de
978 2083 1137 2148 dictorum
1152 2084 1289 2149 fratrum

93 2183 224 2250 consilio
256 2189 446 2253 auctoritato
462 2187 651 2274 *apostolica
680 2187 890 2274 providemus
918 2198 1015 2275 teque
1037 2188 1082 2253 illi
1104 2188 1288 2274 preficimus

92 2289 121 2353 in
151 2289 310 2356 abbatem
342 2313 453 2357 curam
477 2301 510 2357 et
531 2291 848 2358 administracionem
871 2291 949 2358 dicti
970 2295 1154 2358 monasterii
1175 2293 1234 2358 tibi
1255 2295 1288 2357 in

91 2393 312 2480 spiritualibus
343 2405 376 2461 et
404 2396 634 2484 temporalibus
664 2395 807 2483 plenarie
839 2397 1067 2463 committendo
1093 2400 1124 2462 in
1147 2396 1209 2483 illo,
1233 2399 1289 2484 qui

90 2497 143 2564 dat
161 2502 295 2585 gracias
311 2509 343 2566 et
357 2500 492 2587 largitur
506 2503 639 2588 premia,
664 2501 863 2567 confidentes
879 2501 966 2589 quod
983 2501 1141 2587 dirigente
1159 2500 1288 2567 domino

4 2589 5 2596 ἵ
87 2612 177 2669 actus
201 2614 276 2670 tuos
299 2605 387 2672 idem
406 2609 635 2673 monasterium
650 2629 710 2694 per
724 2617 779 2672 tue
796 2609 1081 2694 circumpectionis
1096 2606 1288 2673 industriam

89 2719 118 2774 et
150 2709 297 2776 sturdium
330 2711 530 2778 fructuosum
563 2721 696 2798 regetur
728 2711 848 2779 utiliter
881 2721 914 2779 et
942 2734 1097 2800 prospere
1128 2711 1284 2797 dirigetur

88 2825 249 2902 grataque
279 2818 311 2881 in
342 2817 467 2882 eisdem
496 2816 714 2904 spiritualibus
745 2826 777 2883 et
805 2817 1038 2905 temporalibus
1068 2819 1221 2905 suscipiet
1241 2820 1287 2884 in·

88 2931 265 2986 crementa.
311 2920 469 2987 Volumus
496 2932 614 3006 autem,
646 2922 732 3008 quod
756 2921 866 2988 solitus
888 2922 1121 2988 monachorum
1144 2932 1176 2987 et
1198 2923 1288 2987 mini·

87 3034 228 3090 eborum
245 3047 398 3091 numerus
417 3029 450 3091 in
469 3026 585 3093 eodem
597 3029 790 3093 monasterio
805 3026 990 3093 nullatenus
1006 3028 1177 3093 minuatur
1201 3026 1287 3108 Quo

87 3132 173 3195 circa
188 3129 379 3195 discretioni
391 3131 495 3215 t[u]el
511 3154 570 3219 per
585 3131 761 3218 apostolica
776 3133 897 3217 scripta
912 3130 1116 3209 mandamus,
1132 3132 1283 3217 quatinus

86 3237 190 3299 omnis
219 3238 385 3321 regiminis
409 3236 485 3301 dicti
507 3238 692 3302 monasterii
715 3239 895 3322 suscipiens
917 3246 1108 3302 reverenter
1130 3237 1176 3301 sic
1198 3244 1230 3301 te
1252 3237 1287 3300 in

86 3342 152 3405 eiua
185 3362 269 3404 cura
303 3340 424 3405 solicite
457 3340 635 3427 prudenter
669 3348 701 3405 et
733 3340 873 3406 fideliter
907 3340 1094 3407 exercenda
1128 3340 1286 3406 exhibeas

86 3444 280 3529 studiosum,
303 3445 390 3533 quod
411 3445 499 3511 idem
522 3448 751 3512 monasterium
773 3468 834 3532 per
854 3444 1018 3512 laudabile
1043 3444 1215 3533 diligencie
1231 3454 1285 3510 tue

85 3550 231 3616 studium
260 3550 490 3636 gubernatorib
513 3551 669 3639 providob
693 3560 726 3617 et
746 3552 912 3616 fructuoso
936 3549 1186 3616 administratori
1209 3572 1286 3635 gau·

86 3654 161 3721 deat
193 3677 231 3720 se
263 3657 466 3722 commissum
493 3666 592 3743 tuque
614 3666 724 3743 preter
746 3665 858 3720 eterne
880 3656 1104 3721 retribucionis
1125 3656 1287 3743 premium

84 3770 233 3826 nostram
256 3771 289 3826 et
311 3760 397 3826 dicte
420 3760 506 3827 sedis
528 3760 788 3827 benedictionem
812 3768 845 3826 et
858 3763 1004 3845 graciam
1020 3758 1140 3825 exinde
1154 3760 1286 3826 uberius

85 3868 243 3953 consequi
262 3868 426 3931 merearis.
457 3866 580 3931 Datum
595 3866 696 3932 Rome
712 3865 800 3953 apud
817 3865 973 3932 Sanctum
987 3865 1121 3931 Petrum
1137 3865 1211 3930 XV.
1228 3865 1285 3930 ka·

84 3969 201 4037 lendas
226 3968 409 4036 decembris
431 3970 635 4056 pontificatus
657 3973 757 4036 nostri
778 3993 865 4036 anno
888 3978 1002 4056 quarto
1025 3967 1160 4035 decimo.

125 4200 213 4269 919.
808 4204 892 4263 14⁰2
906 4202 1074 4262 November
1089 4202 1140 4271 17,
1155 4202 1238 4261 Rom

85 4356 191 4441 Popst
213 4357 359 4441 Bonifas
372 4354 440 4423 IX.
463 4354 552 4423 theiit
573 4354 644 4422 ders
665 4354 823 4423 Converte
842 4356 896 4421 des
917 4354 1032 4438 Stisies
1054 4351 1207 4437 Genucio
1232 4352 1285 4419 die

85 4462 290 4546 Ermum
317 4464 371 4528 des
393 4462 580 4545 Gdttweiper
601 4461 769 4545 Profesaea
791 4459 908 4526 Petrus
936 4480 1012 4525 sam
1032 4460 1116 4525 Aba
1135 4460 1195 4524 mit
1215 4457 1285 4523 arrd

115 4569 242 4651 fordert
264 4567 323 4635 ita
343 4588 417 4633 aum
439 4567 645 4633 coaoabchea
667 4564 856 4633 Gehorsame
875 4585 971 4649 yepes
992 4564 1157 4630 desselben
1178 4562 1250 4643 aas.

87 4738 149 4797 918.
190 4754 206 4779 ·
222 4744 303 4812 Fclgt
320 4744 383 4795 eine
400 4742 491 4795 kleine
509 4742 603 4794 Rasur.
628 4768 661 4780 -
685 4741 772 4793 bAut
787 4742 882 4794 Basur.
901 4768 934 4778 -
957 4748 968 4775 ⁶
986 4738 1077 4791 Ueber
1095 4739 1170 4790 einer
1187 4736 1282 4788 Rasur.

90 4858 118 4871 —-
136 4832 150 4867 ⁴¹
168 4832 265 4884 Durch
283 4833 328 4883 ein
346 4830 422 4882 Loch
439 4830 586 4883 thsilweise
605 4834 721 4883 serstort.
