3250 5500
309 419 352 486 46

309 613 439 678 favente
477 612 646 678 clementia
683 612 725 678 ad
763 616 890 701 apicem
927 616 1041 681 summi
1078 616 1272 702 apostolatus
1305 615 1498 704 assumptis⁴

311 717 445 784 dilectus
478 719 562 782 filius
596 719 790 784 Laurentius
824 719 993 785 Michaelis
1026 721 1171 805 Mawter,
1205 722 1341 788 clericus
1371 721 1501 788 Olomu·

311 825 415 888 censis
447 821 592 906 diocesis,
621 826 779 910 exposuit,
811 822 897 911 quod
930 824 1076 910 predicta
1106 827 1243 892 ecclesia
1271 830 1305 892 in
1334 827 1501 892 Mauttarn

311 949 369 1013 per
391 926 512 992 obitum
542 927 704 1014 quondam
727 930 816 993 Petri
844 929 947 994 ultimi
973 931 1071 1015 ipsius
1092 931 1228 997 ecclesie
1250 935 1382 997 rectoris
1405 941 1501 996 extra

311 1032 489 1097 Romanam
526 1034 649 1097 curiam
682 1030 826 1098 defuncti
859 1045 1034 1100 vacaverat
1067 1044 1099 1100 et
1129 1036 1271 1102 vacabat
1302 1046 1388 1118 tunc,
1426 1036 1503 1102 licet

311 1136 414 1201 abbas
441 1146 474 1201 et
496 1147 671 1201 conventus
695 1137 832 1224 predicti
854 1149 1033 1204 asserentes
1055 1142 1157 1226 ipsam
1181 1140 1286 1206 eidem
1308 1143 1502 1206 monasterio

311 1242 499 1305 auctoritate
529 1241 702 1326 apostolica
732 1245 968 1329 incorporatam
997 1266 1036 1308 ac
1067 1265 1125 1328 per
1155 1266 1209 1310 eos
1232 1267 1409 1331 congruam
1431 1268 1503 1331 por·

311 1347 429 1410 tionem
459 1366 516 1430 pro
546 1355 703 1432 perpetuo
734 1348 854 1412 vicario
883 1347 962 1412 inibi
991 1348 1185 1415 instituendo
1215 1351 1410 1434 assignatam
1432 1351 1503 1414 fore

312 1471 351 1514 ac
384 1453 617 1536 possessionem
652 1451 795 1518 eiusdem
826 1452 962 1517 ecclesie
991 1475 1026 1518 se
1056 1454 1307 1539 apprehendisse
1336 1475 1394 1539 pro
1423 1463 1503 1518 tunc

313 1555 505 1639 dicerentur,
539 1577 596 1620 nos
631 1559 726 1621 certis
759 1557 920 1623 iudicibus
953 1567 1031 1623 tnnc
1065 1580 1175 1622 eorum
1202 1561 1339 1644 propriis
1369 1561 1502 1624 nomini·

314 1659 373 1724 bus
403 1681 467 1725 non
499 1662 661 1746 expressis
691 1683 750 1746 per
779 1661 858 1726 alias
887 1672 1011 1726 nostras
1041 1661 1161 1726 litteras
1189 1660 1335 1727 dedimus
1358 1665 1391 1727 in
1413 1685 1503 1728 man·

313 1761 404 1848 datis,
428 1774 464 1828 nt
486 1766 513 1828 si
534 1766 656 1829 vocatis
686 1763 806 1830 abbate
836 1776 868 1830 et
898 1775 1059 1831 conventu
1087 1765 1240 1852 predictis
1269 1789 1308 1830 ac
1337 1767 1418 1852 aliis,
1445 1770 1505 1854 qui

312 1867 417 1933 forent
450 1869 617 1953 evocandi,
651 1872 829 1955 reperirent
861 1871 1019 1956 prefatam
1052 1870 1223 1936 ecclesiam
1256 1871 1361 1936 eidem
1395 1895 1504 1938 mona·

314 1975 407 2038 sterio
441 1974 677 2059 incorporatam
711 1984 743 2038 et
775 1983 965 2060 perpetuam
998 1977 1151 2040 vicariam
1184 1978 1217 2039 in
1251 1997 1290 2040 ea
1325 1978 1505 2042 institutam

312 2077 381 2142 fore
411 2079 513 2163 ipsam
543 2079 707 2162 vicariam,
738 2079 764 2141 si
794 2101 873 2144 vero
903 2079 1023 2144 dictam
1052 2078 1223 2145 ecclesiam
1248 2080 1373 2166 prefato
1394 2103 1504 2146 mona-

313 2184 407 2246 sterio
430 2203 493 2246 non
517 2203 587 2246 esse
616 2184 853 2268 incorporatam
881 2186 1072 2269 invenirent,
1103 2184 1239 2249 eandem
1269 2184 1439 2251 ecclesiam
1468 2187 1506 2250 in

313 2287 477 2350 Mauttarn
507 2289 574 2351 sive
604 2296 640 2351 ut
668 2289 869 2372 premittitur,
900 2291 969 2353 sive
997 2288 1076 2354 alias
1106 2290 1219 2376 quovis
1249 2287 1344 2354 modo
1374 2298 1430 2355 aut
1458 2311 1506 2354 ex

313 2391 444 2456 alterius
471 2393 690 2477 cuiuscunque
717 2414 857 2478 persona
884 2392 936 2458 vel
959 2415 1018 2479 per
1039 2396 1272 2460 assecutionem
1296 2393 1425 2460 alterius
1448 2395 1504 2460 be-

313 2497 419 2561 neficii
450 2495 657 2561 ecclesiastici
687 2518 880 2583 quacunque
904 2501 1090 2563 auctoritate
1119 2498 1224 2564 collati
1251 2520 1309 2564 seu
1337 2522 1397 2586 per
1425 2498 1505 2565 libe-

312 2623 383 2666 ram
412 2602 659 2685 resignationem
688 2601 823 2667 alieuius
853 2624 912 2688 per
942 2625 1017 2668 eum
1047 2603 1088 2668 de
1109 2603 1164 2668 illa
1186 2602 1273 2690 apud
1296 2603 1407 2669 sedern
1430 2627 1506 2691 apo-

314 2705 457 2771 stolicam
486 2704 539 2771 vel
569 2715 661 2772 exue
692 2706 812 2774 dictam
835 2709 957 2774 curiam
980 2709 1076 2773 etiam
1099 2729 1207 2773 coram
1229 2710 1352 2774 notario
1373 2708 1507 2796 publico

314 2821 346 2875 et
373 2810 509 2875 testibus
539 2820 651 2897 sponte
681 2812 800 2877 factam
822 2823 965 2896 vacaret,
989 2815 1111 2878 etiamsi
1133 2822 1221 2877 tanto
1243 2822 1388 2900 tempore
1410 2836 1506 2880 vaca·

314 2917 422 2999 visset,
453 2913 540 3001 quod
571 2918 638 2981 eius
662 2916 787 2981 collatio
809 2919 901 2981 iuxta
923 2918 1151 2981 Lateranensis
1174 2926 1293 2983 statuta
1315 2917 1440 2983 concilii
1461 2917 1508 2982 ad

314 3018 425 3083 sedem
462 3017 641 3105 predictam
674 3021 813 3105 legitime
849 3019 1000 3087 devoluta
1033 3043 1092 3085 seu
1125 3022 1261 3086 ecclesia
1294 3031 1351 3086 aut
1383 3024 1507 3087 vicaria

315 3124 496 3189 huiusmodi
525 3124 721 3211 dispositioni
751 3125 923 3211 apostolice
953 3125 1135 3211 specialiter
1164 3134 1330 3190 reservata
1352 3128 1508 3192 existeret

315 3240 347 3295 et
376 3252 473 3316 snper
500 3252 539 3293 ea
560 3231 642 3294 inter
665 3229 787 3315 aliquos
809 3232 843 3294 in
865 3228 983 3316 palatio
1006 3229 1179 3316 apostolico
1201 3228 1250 3315 lis,
1273 3232 1364 3295 cuius
1387 3240 1509 3296 statum

315 3333 427 3399 haberi
459 3333 605 3399 volumus
638 3356 696 3419 pro
730 3355 894 3420 expresso,
931 3334 1096 3420 penderet,
1131 3333 1304 3399 dummodo
1334 3344 1411 3400 tunc
1441 3356 1509 3400 non

316 3447 401 3503 esset
433 3441 464 3503 in
500 3438 637 3503 ecclesia
671 3460 728 3503 scu
757 3440 880 3503 vicaria
910 3438 1093 3504 huiusmodi
1123 3439 1217 3504 alicui
1247 3441 1428 3526 specialiter
1457 3441 1509 3504 ius

316 3544 485 3629 quesitum,
514 3543 638 3630 prefato
661 3542 847 3624 Laurentio,
878 3545 932 3629 qni
958 3552 1036 3609 tunc
1065 3547 1098 3609 in
1129 3543 1254 3609 decimo
1277 3554 1391 3609 octavo
1414 3545 1510 3609 etatis

316 3670 373 3713 sue
402 3669 486 3713 anno
517 3651 704 3713 constitutus
735 3658 812 3733 erat,
843 3650 1032 3713 auctoritate
1062 3657 1171 3713 nostra
1201 3647 1384 3714 conferrent
1410 3657 1443 3713 et
1465 3648 1509 3714 de

315 3753 369 3817 illa
399 3754 494 3817 etiam
524 3752 731 3838 providerent
760 3775 882 3839 nosque
905 3776 980 3819 cum
1002 3753 1118 3818 eodem
1141 3754 1327 3833 Laurentio,
1350 3762 1386 3819 ut
1407 3752 1511 3819 eccle·

316 3859 396 3922 siam
426 3865 482 3922 aut
507 3860 663 3923 vicariam
692 3859 875 3924 huiusmodi
903 3860 1048 3944 recipere
1078 3880 1118 3922 ac
1143 3857 1244 3923 libere
1268 3868 1299 3923 et
1321 3856 1406 3923 licite
1429 3857 1509 3923 obti-

317 3984 393 4027 nere
412 3960 544 4039 valeret,
565 3983 623 4048 per
643 3962 774 4027 easdem
793 3971 919 4027 nostras
938 3964 1060 4028 litteras
1076 3961 1228 4027 duximus
1244 3962 1510 4048 dispensamdum

318 4076 349 4132 et
376 4066 609 4153 subsequenter
630 4089 689 4153 pro
711 4077 803 4153 parte
827 4067 985 4133 dictorum
1008 4066 1135 4132 abbatis
1157 4079 1190 4133 et
1212 4078 1391 4132 conventus
1413 4066 1509 4132 nobis

318 4174 472 4258 exposito,
495 4171 582 4258 quod
604 4171 741 4237 dilectus
763 4172 846 4238 lilius
869 4172 1083 4237 Leonhardus
1106 4171 1250 4254 Sohawr,
1278 4171 1425 4237 officialis
1446 4171 1509 4237 Pa·

316 4278 477 4360 taviensis,
507 4279 541 4341 in
567 4275 748 4342 huiusmodi
776 4280 975 4343 executionis
997 4280 1125 4362 negotio
1147 4277 1368 4364 predictarum
1390 4277 1510 4342 littera·

316 4404 388 4447 rum
417 4380 654 4467 predecessoris
684 4381 829 4446 eiusdem
859 4381 920 4447 sibi
943 4380 1139 4447 directarum
1161 4392 1198 4446 ut
1219 4380 1389 4466 prefertur,
1412 4391 1510 4467 prout

317 4508 360 4549 ex
381 4488 524 4572 ipsarum
546 4486 648 4551 forma
671 4496 807 4572 poterat,
829 4488 942 4570 vigore
964 4486 1155 4573 procedens,
1179 4489 1255 4573 quia
1278 4488 1384 4551 omnia
1399 4494 1432 4551 et
1447 4488 1509 4551 sin-

317 4710 385 4767 942.
424 4714 510 4765 “Das
528 4713 640 4765 letales
659 4713 707 4765 auf
721 4714 816 4764 Raeur.
