3250 5500
317 423 360 494 ts

317 623 428 690 bentia
457 646 555 690 onera
578 635 766 712 supportare
790 621 913 692 eisdem
934 626 1046 693 abbati
1069 637 1101 693 et
1123 630 1296 694 conventui
1316 630 1507 694 auctoritate

318 729 464 814 predicta
487 753 545 816 per
567 730 646 796 alias
663 741 787 796 nostras
803 731 925 797 litteras
941 731 1093 798 duximus
1106 732 1350 819 indulgendum.
1378 731 1509 798 Deinde

318 857 397 900 vero
427 835 578 899 videlicet
608 835 668 900 XI.
696 835 856 901 kalendas
885 838 1047 903 ianuarias
1078 839 1281 923 pontificatus
1303 839 1401 902 nostri
1424 857 1510 901 anno

319 947 431 1024 quarto
463 939 588 1004 decimo
620 942 817 1004 cassavimus
847 943 1042 1006 irritavimus
1073 952 1106 1008 et
1134 942 1370 1007 annullavimus
1397 963 1510 1006 omnes

318 1044 450 1108 uniones
474 1043 684 1108 ecclesiarum
706 1043 962 1130 parrochialium‚
985 1049 1250 1111 monasteriorum
1272 1049 1369 1111 etiam
1390 1047 1510 1110 monia-

318 1146 395 1212 lium
416 1169 456 1212 ao
480 1146 670 1232 dignitatum
692 1159 922 1234 personatuum
943 1149 1185 1235 prebendarum
1206 1161 1239 1214 et
1260 1149 1439 1215 officiorum
1458 1171 1510 1214 ec·

319 1251 570 1317 clesiasticcrum
601 1263 633 1316 et
661 1255 787 1339 piorum
816 1251 969 1338 locorum,
1003 1255 1219 1340 quorumlibet
1248 1253 1405 1320 hactenus
1439 1256 1511 1318 sive

318 1379 377 1443 per
406 1378 463 1422 nos
494 1359 562 1422 sive
594 1355 715 1422 dictum
745 1357 1008 1442 predecessorem
1035 1369 1179 1424 nostrum
1200 1359 1253 1423 vel
1275 1361 1404 1445 quosvis
1426 1358 1510 1423 ordi-

318 1463 425 1524 narios
455 1461 556 1525 factas
587 1461 833 1547 quibuscunque
864 1463 1008 1528 ecclesiis
1037 1466 1238 1529 monasteriis
1265 1463 1318 1527 vel
1340 1462 1408 1528 aliis
1430 1462 1512 1527 locis

319 1565 543 1630 ecclesiasticis
566 1566 619 1630 vel
642 1568 760 1630 mensis
784 1567 1021 1653 episcopahbus
1044 1579 1076 1633 et
1098 1567 1328 1655 capitularibus
1343 1567 1396 1632 vel
1410 1566 1511 1632 abba-

318 1669 446 1734 tialibus
476 1691 533 1734 seu
556 1669 697 1756 collegiis
720 1671 834 1736 officiis
858 1672 1067 1756 dignitatibus
1089 1672 1143 1737 vel
1164 1671 1339 1759 prebendis
1362 1682 1418 1736 aut
1441 1674 1511 1757 qui-

319 1775 429 1839 busvis
463 1775 532 1840 aliis
565 1774 643 1840 locis
673 1787 730 1841 aut
759 1776 978 1863 hospitalibus,
1013 1800 1076 1863 que
1105 1778 1249 1842 noudum
1279 1779 1388 1842 sortite
1418 1787 1514 1841 erant

319 1879 480 1964 effectum,
512 1890 544 1944 ct
566 1882 663 1946 etiam
684 1881 766 1964 illas,
790 1903 853 1967 que
876 1894 984 1947 essent
1005 1884 1113 1947 sortite
1136 1883 1289 1947 effectum
1311 1881 1389 1946 alias
1412 1904 1513 1967 quam

319 2005 378 2070 per
401 1985 505 2049 obitus
528 1985 663 2070 illorum,
688 1989 742 2072 qui
765 1985 851 2051 dicta
874 1985 1035 2051 beneficia
1056 1989 1147 2051 unita
1161 1986 1351 2053 obtinebant
1365 1996 1513 2072 tempore

317 2091 471 2154 unionum
502 2087 541 2154 dc
571 2089 630 2154 illis
657 2088 826 2173 factarum,
857 2093 982 2155 etiamsi
1012 2101 1120 2156 essent
1149 2090 1235 2157 facte
1258 2102 1345 2156 motu
1367 2093 1512 2177 proprio,

320 2203 352 2259 et
375 2197 471 2259 etiam
492 2193 572 2278 illas,
597 2215 658 2279 que
681 2193 768 2259 facte
790 2195 920 2260 fuerant
941 2198 1010 2260 sine
1033 2218 1151 2280 magna
1173 2199 1364 2261 necessitate
1387 2194 1439 2259 vel
1467 2217 1513 2259 ex

319 2298 408 2364 falsis
438 2321 495 2363 seu
525 2297 620 2363 nullis
648 2301 762 2382 causis,
793 2301 917 2364 etiamsi
948 2321 1046 2385 super
1076 2299 1246 2365 unionibus
1276 2302 1353 2386 ipsis
1374 2299 1412 2363 lis
1435 2322 1513 2385 pen·

320 2402 413 2468 deret
441 2400 596 2485 indecisa,
626 2405 658 2467 in
686 2425 880 2489 quacunque
903 2407 1053 2470 instantia
1075 2405 1167 2486 foret,
1190 2425 1316 2469 necnon
1338 2406 1434 2469 etiam
1457 2403 1514 2467 de-

321 2507 513 2572 claravimus
537 2517 570 2571 et
593 2507 806 2591 decrevimus,
831 2508 918 2593 quod
933 2508 1048 2594 prelati
1063 2519 1096 2573 et
1110 2509 1250 2595 capitula
1265 2509 1317 2573 vel
1334 2519 1514 2572 conventus
1546 2543 1550 2548 ‚

321 2612 518 2696 regularium
547 2621 603 2676 aut
634 2618 900 2678 monasteriorum
923 2615 1020 2678 ctiam
1042 2613 1227 2678 monialium
1249 2637 1289 2678 ae
1311 2615 1515 2699 prioratuum

320 2715 374 2781 vel
405 2715 559 2799 locorum,
593 2715 710 2803 quibus
744 2739 803 2803 per
836 2739 894 2783 nos
928 2739 1118 2784 concessum
1152 2728 1231 2802 erat,
1267 2716 1353 2804 quod
1381 2727 1515 2803 possent

322 2821 539 2907 parrochiales
560 2822 712 2887 ecclesias
735 2833 767 2887 ct
789 2823 950 2888 beneficia
972 2834 1085 2889 curata
1106 2846 1163 2888 seu
1185 2833 1358 2909 perpetuas
1374 2825 1515 2887 vicarias

324 2928 369 2989 eis
399 2928 489 2991 unita
517 2928 586 3011 regi
613 2928 723 2991 facere
745 2950 805 3013 per
827 2927 1003 2992 monachos
1026 2950 1100 2993 suos
1123 2930 1220 2993 etiam
1241 2926 1446 2993 removibiles
1468 2927 1515 2991 ad

323 3039 434 3095 nutum
463 3034 605 3116 ipsorum
634 3031 687 3095 vel
717 3030 795 3097 alias
824 3030 1099 3117 qualitercunque,
1130 3041 1283 3117 pretextu
1305 3032 1414 3096 talium
1438 3054 1514 3096 con·

324 3138 514 3219 cessionum,
542 3136 629 3201 nulla
652 3135 859 3221 parrochialis
883 3136 1021 3201 ecclesia
1042 3146 1100 3202 aut
1120 3145 1277 3223 perpetua
1298 3138 1421 3202 vicaria
1443 3160 1515 3222 par-

323 3239 471 3305 rochialis
494 3239 630 3305 ecclesie
654 3250 709 3304 aut
731 3238 818 3304 aliud
841 3251 988 3305 curatum
1011 3239 1214 3316 beneficium,
1238 3261 1301 3325 que
1320 3243 1408 3327 prius
1423 3262 1517 3326 rege·

323 3344 441 3409 bantur
463 3367 522 3431 per
544 3344 707 3409 seculares
724 3343 866 3428 elericos,
889 3354 997 3431 posset
1013 3345 1166 3431 deinceps
1181 3348 1251 3430 regi
1265 3368 1325 3430 per
1339 3345 1516 3409 monachos

324 3460 380 3514 aut
401 3449 565 3536 regulares
588 3450 769 3532 canonicos,
793 3449 905 3513 sedin
929 3452 975 3513 eis
998 3451 1239 3515 instituerentur
1260 3452 1408 3535 perpetui
1429 3452 1517 3515 vica·

323 3556 362 3617 rii
384 3553 545 3617 seculares
568 3553 750 3639 presbyteri
772 3563 804 3617 et
826 3555 853 3617 si
875 3562 950 3618 ante
973 3576 1035 3618 non
1058 3554 1163 3618 forent
1183 3556 1347 3639 assignate
1370 3575 1515 3639 congrue

323 3660 493 3744 portiones
524 3660 607 3723 sicut
638 3657 679 3723 de
709 3660 778 3723 iure
808 3657 1003 3741 assignande
1034 3667 1151 3741 essent,
1180 3680 1240 3744 per
1266 3658 1410 3723 locorum
1432 3658 1517 3723 ordi-

324 3764 430 3828 narios
461 3764 701 3848 assignarentur
732 3771 763 3827 et
794 3762 949 3848 deinceps
971 3761 1051 3826 tales
1074 3761 1211 3827 ecclesie
1233 3761 1452 3849 parrochiales
1474 3786 1518 3829 ac

326 3878 439 3932 curata
467 3866 626 3932 beneficia
654 3890 711 3933 seu
734 3869 856 3931 vicarie
878 3876 1034 3952 perpetue
1058 3876 1211 3933 consueta
1233 3869 1322 3954 prius
1345 3889 1404 3952 per
1424 3888 1517 3933 secu·

325 3971 408 4036 lares
438 3971 571 4035 clericos
601 3974 670 4057 regi
701 3980 732 4036 et
761 3971 938 4055 gubernari
967 3971 1149 4036 nullatenus
1178 3994 1238 4057 per
1266 3970 1440 4035 monachos
1462 3971 1519 4036 vel

325 4074 489 4161 religiosos
511 4076 589 4141 alios
610 4086 800 4159 regerentur
822 4098 880 4141 seu
903 4077 998 4140 ctiam
1021 4074 1281 4162 gubernarentur
1302 4097 1366 4139 non
1389 4074 1520 4140 obstan-

325 4180 411 4243 tibus
442 4179 686 4265 quibuscunque
714 4179 974 4245 concessionibus
996 4179 1049 4244 vel
1071 4178 1202 4244 indultis
1225 4178 1369 4244 ecclesiis
1392 4178 1519 4264 regula-

325 4282 415 4347 ribus
442 4292 498 4348 aut
524 4286 725 4351 monasteriis
748 4283 801 4348 vel
824 4284 1017 4369 prioratibus
1040 4295 1096 4349 aut
1117 4283 1188 4348 aliis
1210 4282 1289 4348 loeis
1311 4282 1518 4369 regularibus

326 4388 477 4474 predictis
500 4388 561 4454 sub
584 4391 698 4474 quavis
721 4390 823 4453 forma
845 4388 899 4453 vel
922 4390 1130 4473 expressione
1152 4388 1326 4454 verborum
1348 4387 1442 4453 factis
1458 4410 1519 4453 seu

326 4495 497 4577 concessis,
528 4516 590 4580 que
621 4504 743 4558 extunc
774 4493 913 4559 totaliter
943 4495 1040 4571 etiam
1069 4495 1294 4558 revocavimus
1317 4495 1518 4559 cassavimus

327 4598 560 4663 annullavimus
591 4621 630 4662 ac
660 4598 776 4662 nullius
807 4620 878 4662 esse
908 4596 1066 4662 voluimus
1088 4598 1212 4663 roboris
1235 4596 1288 4661 vel
1311 4600 1462 4662 momenti
1484 4608 1519 4662 et

327 4705 509 4767 successive
532 4725 589 4789 pro
613 4710 703 4789 parte
727 4702 793 4767 dati
816 4703 982 4767 Laurentii
1004 4705 1119 4767 iterum
1143 4702 1234 4767 nobis
1250 4704 1406 4789 exposito,
1429 4702 1519 4788 quod
