3250 5500
331 464 374 528 50

331 660 363 723 in
379 658 544 722 Mauttarn
567 657 692 744 prefate
714 659 950 745 possessionem
968 656 1077 743 adepti
1094 659 1278 741 existerent,
1302 667 1337 721 ut
1351 657 1528 744 prefertur,

332 772 501 847 constaret,
537 763 658 828 dictum
687 763 910 846 Laurentium,
945 762 1118 828 dummodo
1152 765 1221 849 ipse
1254 765 1287 827 in
1321 762 1460 827 ecclesia
1493 765 1529 828 in

331 867 493 932 Mauttarn
525 868 650 953 prefata
678 870 819 933 intrusus
850 890 914 932 non
944 867 1037 952 foret,
1067 870 1100 932 in
1129 870 1199 931 iure
1227 875 1259 931 et
1281 867 1323 931 ad
1345 869 1396 931 ius
1419 866 1529 932 huius-

332 973 428 1054 modi,
456 975 482 1037 si
505 971 590 1059 quod
615 972 736 1036 eisdem
767 972 878 1037 abbati
906 982 939 1037 et
965 973 1137 1037 conventui
1163 982 1309 1058 tempore
1337 974 1529 1037 cassationis

332 1079 515 1142 irritationis
560 1087 592 1141 et
634 1076 858 1142 annullationis
900 1076 1119 1163 predictarum
1161 1079 1194 1141 in
1236 1076 1351 1141 eadem
1389 1077 1530 1141 ecclesia

333 1182 498 1247 Mauttarn
532 1182 586 1246 vel
620 1182 662 1246 ad
695 1205 767 1248 eam
803 1181 1043 1268 quomodolibet
1076 1181 1281 1266 competebat
1312 1190 1369 1246 aut
1401 1203 1530 1266 compe·

333 1296 401 1351 tere
424 1296 550 1372 poterat
571 1297 606 1352 ut
635 1287 807 1373 prefertur,
839 1286 953 1352 eadem
984 1289 1174 1352 auctoritate
1204 1295 1314 1351 nostra
1343 1295 1533 1371 surrogaret

335 1392 520 1477 dictumque
550 1395 599 1456 ius
623 1393 683 1456 sibi
707 1392 868 1458 conferret
889 1402 922 1457 et
945 1392 987 1456 de
1008 1392 1061 1457 illo
1083 1394 1180 1457 etiam
1202 1391 1390 1478 provideret
1410 1395 1531 1478 ipsum-

335 1519 398 1582 que
421 1495 464 1560 ad
486 1496 668 1561 huiusmodi
691 1499 740 1562 ius
763 1519 802 1562 ac
827 1499 896 1562 eius
919 1499 1175 1582 prosecutionem
1198 1505 1231 1560 et
1253 1496 1473 1561 defensionem
1496 1497 1532 1560 in

336 1623 373 1664 eo
396 1609 524 1685 statum,
548 1623 611 1686 quo
634 1602 770 1688 predicti
794 1601 897 1666 abbas
921 1611 953 1666 et
975 1610 1153 1666 conventus
1176 1610 1320 1687 tempore
1343 1602 1532 1665 cassationis

336 1716 368 1770 et
390 1705 615 1771 annullationis
638 1706 858 1793 predictarum
882 1716 983 1790 erant,
1010 1715 1043 1771 et
1065 1708 1091 1770 si
1113 1705 1167 1770 ille
1189 1705 1274 1770 facta
1296 1728 1361 1770 non
1383 1705 1533 1788 fuissent,

336 1819 467 1896 possent
495 1820 528 1875 et
559 1809 716 1876 deberent
745 1811 881 1896 admitti,
912 1810 1096 1878 admitteret
1125 1820 1158 1875 et
1187 1809 1312 1876 admitti
1342 1811 1467 1875 faceret
1497 1820 1536 1874 ut

338 1924 423 1979 esset
456 1916 553 1980 moris
588 1925 620 1980 et
652 1915 877 1984 nichilominus
911 1916 1071 2002 prefatam
1102 1915 1273 1981 ecclesiam
1302 1918 1336 1980 in
1365 1915 1535 1981 Maubarn

338 2020 407 2083 sive
436 2042 495 2105 per
520 2018 704 2084 huiusmodi
735 2020 857 2086 obitum
886 2021 975 2086 Petri
1004 2030 1061 2085 aut
1088 2022 1267 2085 cessionem
1289 2019 1431 2085 Erbardi
1460 2041 1536 2106 pre

340 2123 498 2188 dictorum
533 2127 600 2189 sive
635 2124 713 2190 alias
748 2125 958 2212 quovismodo
988 2135 1046 2190 aut
1075 2148 1118 2189 ex
1148 2124 1279 2189 alterius
1309 2127 1535 2210 cuiuscunque

338 2250 476 2313 persona
505 2238 647 2314 vacaret,
680 2229 853 2295 dummodo
883 2240 961 2295 tunc
990 2252 1055 2296 non
1085 2239 1172 2294 esset
1193 2232 1226 2294 in
1249 2252 1289 2293 ea
1311 2251 1369 2293 seu
1392 2228 1435 2292 ad
1458 2251 1536 2294 eam

339 2331 434 2397 alicui
464 2332 646 2418 specialiter
674 2337 724 2398 ius
754 2337 924 2421 quesitum,
956 2357 1030 2399 cum
1060 2335 1208 2399 omnibus
1236 2333 1362 2398 iuribus
1384 2341 1416 2398 et
1438 2336 1537 2419 perti-

339 2439 455 2502 nentiis
485 2440 550 2503 suis
581 2437 686 2504 eidem
710 2439 886 2505 Laurentio
917 2441 1106 2504 auctoritate
1136 2439 1284 2525 predicta
1314 2438 1476 2504 conferret
1503 2448 1540 2502 et

340 2545 529 2627 assignaret,
552 2554 647 2628 prout
668 2545 700 2608 in
724 2545 872 2609 omnibus
895 2543 1047 2629 predictis
1069 2542 1181 2610 litteris
1201 2543 1327 2629 plenius
1343 2545 1536 2608 continetur.

339 2647 549 2712 Postmodum
578 2670 656 2713 vero
686 2651 769 2714 sicut
796 2648 941 2715 exhibita
966 2648 1061 2713 nobis
1083 2671 1190 2734 nuper
1211 2670 1269 2734 pro
1290 2659 1383 2734 parte
1405 2647 1539 2713 abbatis

342 2762 374 2817 et
407 2762 584 2819 conventus
618 2754 836 2840 predictorum
869 2758 979 2842 petitio
1013 2754 1208 2837 continebat,
1242 2754 1318 2818 licet
1351 2752 1539 2839 predictum

342 2880 452 2923 eorum
474 2861 714 2943 monasterium,
742 2858 828 2946 quod
851 2859 924 2924 olim
946 2858 1101 2923 videlicet
1122 2858 1164 2922 de
1187 2880 1271 2922 anno
1294 2857 1414 2922 domini
1436 2856 1540 2923 mille-

342 2964 421 3027 simo
455 2966 671 3049 octuagesimo
705 2967 798 3029 tertio
833 2987 891 3050 per
924 2963 1009 3028 bone
1043 2964 1197 3027 memorie
1227 2962 1437 3027 Altmannum
1471 2965 1540 3048 epi·
1583 2999 1587 3007 ·

343 3090 477 3153 scopum
500 3068 727 3133 Patariensem
758 3070 914 3133 canonice
935 3067 1106 3132 fundatum
1130 3076 1163 3131 et
1185 3065 1351 3131 dotatum*
1373 3064 1416 3129 ad
1439 3064 1541 3131 hono-

343 3196 411 3237 rem
442 3182 474 3237 et
503 3173 563 3238 sub
593 3173 752 3239 vocabulo
782 3183 894 3238 sancte
925 3172 979 3237 dei
1008 3173 1171 3257 genitricis
1202 3168 1305 3235 Marie
1335 3179 1368 3235 et
1389 3169 1542 3257 predicta

344 3277 481 3342 ecclesia
513 3280 547 3342 in
580 3278 744 3343 Mauttarn
777 3276 998 3363 principaliter
1031 3276 1137 3341 eidem
1170 3277 1362 3340 monasterio
1395 3285 1473 3339 tuno
1504 3277 1542 3339 in

344 3383 571 3467 proprietatem
595 3405 669 3447 cum
692 3383 839 3447 omnibus
863 3382 1008 3446 eiusdem
1029 3380 1164 3445 ecclesie
1180 3378 1381 3466 appendiciis
1398 3389 1543 3465 excepta

346 3495 433 3552 certa
463 3497 554 3573 parte
584 3487 815 3570 decimationis,
847 3509 910 3572 que
940 3486 982 3551 ad
1013 3485 1177 3572 quendam
1199 3484 1298 3549 alium
1319 3485 1409 3570 pium
1429 3483 1542 3549 locum

344 3600 422 3656 tunc
452 3614 643 3678 expressum
672 3591 865 3678 pertinebat,
896 3601 929 3657 et
958 3590 1058 3655 multa
1092 3590 1155 3655 alia
1184 3589 1271 3654 bona
1299 3587 1475 3673 spiritualia
1507 3600 1544 3654 et

345 3696 534 3782 temporalia
561 3698 595 3762 in
626 3696 734 3762 dotem
764 3699 863 3782 ipsius
894 3696 1078 3761 monasterii
1109 3694 1264 3779 deputata
1291 3714 1330 3756 ac
1352 3694 1542 3757 successive

346 3800 497 3866 fundacio
528 3812 560 3867 et
590 3802 709 3867 dotatio
739 3801 883 3887 predicte
914 3823 973 3887 per
1002 3800 1126 3885 aliquos
1153 3797 1232 3863 alios
1255 3799 1423 3884 episcopos
1445 3797 1544 3862 Pata-

346 3908 473 3971 vienses
505 3906 583 3971 dicti
605 3906 771 3972 Altmanni
802 3927 1017 3989 successores,
1049 3907 1105 3990 qui
1135 3904 1266 3968 bierunt
1296 3924 1354 3989 pro
1382 3911 1542 3987 tempore,

347 4034 386 4076 ac
418 4013 513 4076 etiam
543 4020 655 4098 postea
682 4034 742 4098 per
771 4014 823 4096 pie
850 4012 1003 4076 memorie
1025 4007 1196 4075 Urbanum
1220 4007 1252 4071 II
1275 4028 1401 4072 necnon
1422 4006 1545 4072 Pasca-

345 4114 411 4181 lem
433 4116 467 4181 Il
489 4117 651 4183 Romanos
681 4116 849 4203 pontifices
877 4118 973 4180 etiam
995 4113 1244 4200 predecessores
1266 4122 1390 4177 nostros
1411 4133 1544 4177 necnon

348 4220 436 4287 clare
467 4224 618 4287 memorie
640 4222 819 4287 Henricum
850 4222 997 4307 quintum
1026 4228 1104 4283 tunc
1126 4239 1248 4303 regem,
1272 4226 1384 4303 postea
1404 4218 1545 4303 impera·

348 4335 451 4392 torem
474 4327 664 4410 Romanum,
694 4349 754 4414 per
782 4325 936 4412 specialia
966 4344 1077 4389 eorum
1106 4321 1276 4409 privilegia
1298 4322 1486 4386 confirmate
1510 4332 1546 4387 et

350 4430 527 4519 approbate
554 4433 690 4496 finissent
720 4440 752 4496 et
781 4428 925 4495 nonnulli
955 4428 1092 4493 abbates
1115 4427 1193 4492 dicti
1214 4427 1400 4493 monasterii
1422 4426 1545 4492 Gotwi·

350 4540 465 4619 censis,
497 4539 552 4623 qui
580 4538 711 4602 fuerunt
741 4559 798 4623 pro
829 4545 985 4621 tempore,
1008 4556 1048 4599 ac
1069 4532 1206 4620 predicti
1229 4540 1408 4597 conventus
1428 4532 1546 4617 vigore

350 4641 545 4708 fundationis
577 4643 745 4708 dotationis
776 4652 808 4706 et
836 4641 1085 4705 confirmationis
1107 4638 1328 4724 predictarum
1349 4636 1470 4701 dictam
1492 4660 1546 4703 ec

352 4746 482 4813 clesiam
513 4749 544 4811 in
569 4747 732 4813 Mauttarn
758 4748 789 4811 in
812 4768 890 4811 usus
912 4746 1057 4832 proprios
1080 4743 1257 4810 eorundem
1279 4765 1339 4829 per
1359 4741 1546 4829 longissima
