3250 5500
320 467 383 531 438

320 662 387 725 licis
419 662 597 746 ceterisque
621 662 786 724 contrariis
809 683 874 725 non
898 660 1100 726 obstantibus
1123 661 1379 748 quibuscunque.
1424 661 1507 726 Nulli

320 787 397 851 ergo
421 775 480 830 etc.
526 764 648 829 Datum
672 765 774 829 Rome
804 765 893 851 apud
916 765 1073 831 Sanctum
1096 767 1229 832 Petrum
1258 789 1343 831 anno
1366 768 1506 830 incarna-

319 872 413 936 tionis
444 869 603 935 dominiee
633 869 799 934 millesimo
830 870 1146 957 quadringentesimo
1178 873 1443 958 quinquagesimo
1464 894 1508 935 se·

321 975 436 1059 eundo,
460 997 544 1040 nono
568 973 726 1039 kalendas
749 977 832 1060 maii,
856 976 1061 1061 pontificatus
1084 978 1183 1041 nostri
1205 999 1289 1041 anno
1312 986 1415 1041 sexto.

364 1213 465 1281 1382.
1124 1219 1469 1293 issasprnaauon.

320 1381 423 1464 Papa
451 1380 605 1446 Nicotaus
632 1381 667 1445 V.
698 1378 829 1446 oaleibt
854 1381 924 1445 dem
951 1379 1051 1463 suste
1076 1378 1230 1464 Gdttweiq
1255 1381 1308 1446 die
1333 1380 1512 1445 Easmtiou.

424 1549 507 1616 Copia
524 1550 552 1599 in
571 1548 634 1599 dod.
649 1547 679 1609 O,
697 1544 786 1598 svl'f.

424 1654 485 1721 Vgl.
505 1670 543 1705 nr.
563 1654 623 1704 908.

424 1800 634 1890 ξΝἰοΟΙειιεξ
657 1803 838 1886 episcopus,
868 1822 982 1865 servus
1005 1822 1173 1865 servorum
1196 1799 1258 1886 dei,
1290 1800 1413 1866 dilectis
1443 1802 1515 1866 filiis

322 1963 328 1973 .
355 1961 362 1973 .
386 1907 496 1973 abbati
520 1916 552 1971 et
575 1908 745 1971 conventui
773 1905 957 1969 monasterii
987 1903 1083 1969 beate
1106 1904 1210 1970 Maria
1240 1907 1373 1990 virginis
1397 1905 1516 1971 Gotwi·

322 2015 425 2079 censis
456 2011 575 2077 ordinis
606 2012 707 2075 sancti
730 2008 901 2075 Benedicti
924 2009 1124 2074 Pataviensis
1156 2010 1293 2075 diocesis
1324 2010 1518 2076 salutemet

321 2118 528 2204 apostolicam
543 2115 811 2181 benedictionem.
843 2113 1028 2199 Apostolice
1044 2114 1132 2179 sedis
1155 2123 1216 2179 etc.
1247 2114 1333 2181 Sane
1355 2115 1517 2201 siquidem

322 2222 467 2288 exhibita
496 2221 588 2286 nobis
618 2243 722 2307 nuper
751 2242 811 2307 pro
834 2230 927 2306 parte
950 2221 1105 2284 carissimi
1128 2222 1162 2284 in
1186 2219 1313 2285 Christo
1336 2218 1393 2285 lilii
1416 2222 1517 2286 nostri

322 2327 479 2391 Frideriei
501 2327 720 2391 Romanorum
749 2326 951 2411 imperatoris
980 2322 1109 2389 illustris
1140 2334 1237 2411 atque
1266 2335 1376 2390 vestra
1398 2327 1518 2411 peticio

322 2432 515 2515 continebat,
548 2430 634 2517 quod
663 2430 739 2494 licet
769 2431 999 2494 monasterium
1030 2428 1126 2494 beate
1155 2430 1258 2495 Marie
1289 2428 1517 2495 Gottwicensis

321 2536 441 2603 ordinis
472 2538 574 2601 sancti
597 2534 766 2599 Benedicti
789 2534 991 2599 Pataviensis
1022 2532 1158 2598 diocesis
1190 2531 1313 2599 dudum
1339 2556 1400 2621 per
1421 2536 1517 2601 Boni·

321 2643 440 2707 facium
463 2664 583 2727 papam
607 2640 715 2703 VIIII.
740 2641 786 2703 sic
817 2642 850 2704 in
872 2661 931 2703 sua
954 2637 1155 2722 obediencia,
1178 2636 1220 2703 de
1243 2659 1308 2725 qua
1330 2648 1443 2726 partes
1465 2640 1517 2706 ille

322 2757 398 2813 tunc
429 2757 530 2830 erant,
561 2753 802 2831 nunccupatum
830 2767 905 2808 cum
928 2741 1075 2809 omnibus
1098 2743 1251 2809 membris
1274 2741 1419 2811 ecclesiis
1445 2769 1518 2833 cap

320 2851 411 2939 pellis
434 2850 511 2917 locis
535 2850 789 2937 possessionibus
813 2850 911 2914 rebus
934 2858 968 2914 et
988 2849 1081 2914 bonis
1105 2851 1170 2914 suis
1192 2851 1351 2914 universis
1366 2849 1519 2938 illiusque

321 2957 424 3023 abbas
447 2966 480 3023 et
502 2963 679 3021 conventus
702 2955 846 3042 plenarie
870 2963 1058 3039 exemptum
1073 2964 1106 3019 et
1120 2954 1181 3020 sub
1196 2957 1401 3041 proteccione
1415 2958 1520 3043 ipsius

322 3062 478 3127 Bonifacii
502 3070 535 3127 et
548 3060 635 3126 beati
651 3060 738 3126 Petri
754 3058 905 3146 sedisque
921 3059 1095 3144 apostolice
1109 3061 1314 3146 proteccione
1330 3072 1521 3148 susceptum

321 3169 427 3250 fuerit,
458 3165 681 3231 nichilominus
711 3163 839 3229 malicia
869 3173 1049 3250 temporum
1080 3173 1113 3228 et
1141 3165 1276 3250 gwerris
1306 3166 1339 3228 in
1370 3165 1520 3251 partibus

321 3271 381 3337 illis
404 3272 505 3359 proch
530 3270 620 3337 dolor
642 3280 719 3336 tunc
741 3269 926 3354 ingentibus
952 3290 1080 3334 necnon
1102 3267 1381 3335 molestacionibus
1404 3271 1521 3336 abbati

323 3387 354 3442 et
385 3379 556 3442 conventui
587 3376 663 3440 dicti
693 3376 878 3439 monasterii
912 3396 973 3460 per
1005 3373 1090 3439 bone
1123 3377 1276 3439 memorie
1306 3375 1520 3440 Leonardum

323 3483 511 3567 episcopum
525 3482 752 3546 Pataviensem
775 3499 873 3565 super
895 3479 1106 3564 exempcione
1129 3478 1313 3544 huiusmodi
1332 3480 1430 3545 illatis
1446 3504 1521 3545 cau·

323 3585 467 3649 sentibus
498 3584 601 3650 abbas
632 3595 708 3650 tunc
739 3586 881 3649 existens
909 3592 941 3648 et
964 3592 1141 3648 conventus
1165 3583 1243 3649 dieti
1265 3588 1455 3650 monasterii
1477 3584 1521 3650 ab

322 3689 504 3754 huiusmodi
535 3691 746 3775 exempcione
775 3688 931 3754 recedere
958 3687 1115 3774 compulsi
1137 3689 1228 3754 fuere
1250 3711 1350 3776 seque
1373 3689 1522 3755 iurisdic-

323 3796 406 3860 oioni
428 3793 545 3880 prefati
568 3795 710 3881 episcopi
732 3803 765 3858 et
786 3815 918 3858 suorum
932 3815 1166 3879 successorum,
1189 3815 1231 3858 ne
1246 3803 1421 3880 propterea
1434 3797 1522 3861 inter

323 3903 409 3987 ipsos
437 3901 574 3964 maiores
604 3898 675 3963 lites
706 3907 923 3980 occurrerent,
954 3897 1143 3963 submittere
1172 3901 1321 3984 oportuit.
1365 3899 1435 3964 Nos
1469 3923 1521 3965 cu·

323 4008 457 4091 pientes,
488 4013 524 4069 ut
552 4025 611 4069 vos
638 4013 670 4067 et
692 4025 895 4068 successores
918 4005 1027 4087 vestri,
1051 4005 1161 4089 quiin
1184 4002 1300 4068 eodem
1321 4007 1521 4071 monasterio

323 4131 411 4173 nuno
442 4117 474 4172 et
503 4129 561 4194 pro
591 4117 735 4194 tempore
759 4107 887 4194 degent,
913 4106 1067 4194 quamdiu
1090 4110 1123 4172 in
1146 4107 1354 4173 observantia
1375 4110 1522 4196 regulari

323 4213 505 4278 huiusmodi
536 4214 691 4296 vixeritis,
722 4221 757 4278 ut
784 4234 822 4278 eo
851 4211 1040 4297 diligencius
1063 4221 1096 4278 et
1118 4211 1273 4278 devocius
1295 4215 1430 4278 virtutes
1454 4237 1521 4280 am·

322 4318 420 4404 plecti
451 4327 483 4382 et
511 4319 544 4382 in
574 4316 799 4383 mandatorum
829 4316 882 4382 dei
912 4319 1049 4382 servitiis
1080 4315 1234 4382 delectari
1264 4317 1429 4402 studeatis,
1455 4340 1521 4405 quo

323 4422 497 4488 maioribus
519 4445 579 4508 per
600 4421 713 4488 sedem
735 4421 915 4508 predictam
936 4445 995 4487 vos
1011 4423 1226 4508 cognoveritis
1241 4421 1417 4508 privilegiis
1434 4445 1520 4490 com·

323 4529 450 4610 muniri,
475 4527 552 4592 dicti
574 4529 774 4614 imperatoris
797 4535 894 4613 atque
918 4529 1032 4592 vestris
1055 4529 1088 4591 in
1110 4526 1173 4590 hac
1194 4535 1286 4612 parte
1309 4528 1523 4614 supplicacio-

324 4633 420 4697 nibus
443 4632 585 4697 inclinati
607 4653 665 4696 vos
688 4641 720 4696 et
742 4653 946 4697 successores
968 4641 1092 4697 vestros
1115 4631 1268 4696 abbatem
1289 4653 1349 4717 pro
1371 4642 1521 4718 tempore

325 4737 518 4801 existentem
542 4747 574 4800 et
596 4745 790 4802 conventum
813 4736 891 4800 dicti
912 4739 1097 4802 monasterii
1120 4758 1247 4801 necnon
1270 4758 1381 4801 omnes
1403 4746 1438 4800 et
1459 4737 1524 4800 sin·
