3250 5500
1228 502 1293 569 529

203 696 287 765 Orig.⁹
304 698 382 764 Perg.
404 697 533 749 Deuteoh.
555 696 1085 765 1611816361ιαΡ6τς.-81161166166
1099 699 1121 749 1.
1132 697 1294 763 abgefallen.

204 820 327 871 Indoraat
343 836 396 872 ron
415 824 533 887 spttcrer
551 821 600 871 H.:
620 820 684 871 Dies
702 822 775 887 brief
784 822 872 887 petere
889 822 942 887 aas
954 820 989 887 dy
1007 814 1109 873 cdstrat.

203 942 238 993 n.
258 943 421 1009 suerrum„
439 944 507 994 runs
526 943 591 1010 (as),
610 948 678 1011 gron
696 944 746 994 suf
760 944 830 1009 sen„
849 944 887 995 1v
899 945 921 994 n
935 946 960 995 a.
1000 920 1003 925 ’

145 1186 246 1254 15111.
893 1193 974 1250 1161
992 1194 1072 1251 11111
1089 1192 1138 1261 17,
1155 1194 1251 1252 Wien.

101 1378 260 1445 Gordinol
281 1379 456 1445 Bessorion
478 1378 608 1445 cerbibt
629 1379 700 1444 dein
721 1381 802 1446 Abte
824 1381 954 1446 Martio
975 1401 1036 1445 von
1051 1379 1205 1464 Go'ttweiq
1227 1381 1296 1445 und

100 1486 209 1549 6616611
231 1484 448 1567 Nacbfolqcru
475 1485 534 1549 doe
557 1484 777 1568 Priudeyium,
808 1506 865 1549 vor
886 1485 1128 1568 Topasaabruob
1150 1487 1201 1550 dic
1223 1484 1295 1550 1611.

507 1590 613 1654 Messe
633 1610 675 1654 ru
697 1588 890 1655 celebriereu

208 1782 291 1849 Orig,
303 1782 381 1849 Perg.
395 1780 485 1848 Siegel
498 1797 553 1833 war
564 1797 599 1832 an
613 1782 703 1833 rothen
714 1782 889 1834 Hantsehnur
902 1783 970 1833 nach
984 1782 1125 1834 Bullenart
1136 1782 1296 1850 angohttngt.

205 1923 291 1972 Liulrs
310 1928 389 1973 unter
407 1920 468 1972 dem
486 1922 563 1989 Bugc
580 1924 616 1973 ist
633 1939 686 1972 von
704 1924 818 1974 anderer
835 1924 869 1973 Η.
884 1940 909 1974 u.
923 1924 1003 1974 Tinte
1022 1922 1168 1975 vermerktr
1206 1920 1297 1975 Gratia

100 2009 135 2060 de
150 2009 273 2060 mandato
290 2009 495 2060 memnoni
511 2008 609 2060 domini
622 2028 675 2075 pro
694 2010 865 2077 Kottaizemt3
889 2012 983 2061 woiter
1003 2011 1148 2062 rttolrwttrts
1166 2026 1219 2061 von
1239 2010 1298 2060 der·

100 2096 195 2148 selben
214 2097 263 2147 Η.τ
282 2097 317 2148 Ν.
330 2096 376 2147 Ρ6.
389 2096 553 2163 Sypmrhaus.

208 2270 380 2335 Bessarion
399 2272 609 2337 miseracione
625 2281 725 2337 divina
740 2274 909 2357 episcopus
924 2269 1160 2355 Thusculanus,
1184 2280 1296 2336 sancte

101 2374 248 2439 Romane
278 2374 415 2441 ecclesie
445 2374 626 2460 cardinalis,
654 2375 798 2441 Nicenus
828 2375 1003 2459 vulgariter
1025 2384 1240 2460 nuncupatus,
1264 2376 1296 2439 in

100 2478 249 2565 partibus
280 2479 450 2545 Alemanie
485 2489 517 2546 et
547 2480 722 2546 Germanic
754 2480 896 2567 locisque
930 2479 1078 2545 omnibus
1106 2481 1140 2543 in
1172 2478 1294 2544 eisdem

101 2606 196 2649 sacro
219 2583 364 2649 Romano
395 2586 527 2671 imperio
554 2584 707 2651 subiectis
737 2585 910 2671 apostolice
941 2584 1026 2650 sedis
1057 2582 1098 2647 de
1132 2583 1233 2649 latere
1256 2582 1297 2648 le·

101 2695 221 2772 gatus·
252 2687 430 2753 venerabili
462 2698 494 2754 61
523 2688 670 2774 religioso
700 2690 784 2775 patri
807 2688 946 2754 Martino
978 2686 1088 2755 abbati
1115 2690 1298 2753 monasterii

103 2792 318 2858 Gotwicensis
349 2794 469 2858 ordinis
499 2797 603 2860 sancti
625 2793 795 2859 Benedicti
816 2795 1017 2859 Pataviensis
1046 2794 1182 2859 diocesis
1206 2793 1298 2858 uobis

101 2900 137 2962 in
152 2895 279 2963 Christo
301 2901 426 2964 sincere
449 2897 565 2964 dilecto
588 2898 723 2964 salutem
745 2902 779 2963 in
802 2898 929 2964 domino
953 2901 1190 2984 sempiternam.
1230 2898 1299 2964 Sin·

104 3025 183 3067 cere
214 3002 392 3068 devotionis
423 3013 483 3069 eto.
529 3005 615 3070 Hinc
647 3014 696 3070 est
726 3003 811 3089 quod
843 3027 899 3069 nos
922 3006 984 3068 tuis
1008 3003 1299 3090 supplicacionibus

102 3107 259 3192 inclinati,
282 3117 318 3173 ut
339 3110 480 3192 missam,
503 3119 676 3195 antequam
699 3108 863 3174 elucescat
885 3108 964 3192 dies,
987 3111 1075 3174 circa
1090 3117 1198 3174 tamen
1215 3107 1298 3172 diur-

102 3234 183 3276 nam
212 3211 329 3297 luccm,
361 3235 435 3278 cum
465 3212 601 3300 qualitas
631 3217 840 3299 negociorum
870 3236 927 3299 pro
955 3221 1100 3299 tempore
1122 3235 1300 3298 congruen-

104 3318 195 3381 cium
225 3317 258 3381 id
281 3319 429 3402 exigerit,
451 3317 547 3383 liceat
568 3317 627 3383 tibi
649 3327 761 3405 perte
783 3318 837 3382 vel
859 3341 918 3404 per
940 3319 1105 3404 proprium
1127 3317 1182 3382 vel
1204 3316 1300 3382 alium

104 3421 309 3486 sacerdotem
338 3422 503 3508 ydoneum
529 3425 562 3488 in
584 3422 678 3488 altari
700 3421 838 3508 portatili
861 3424 894 3487 in
917 3423 1109 3488 monasterio
1132 3423 1184 3487 vel
1207 3431 1301 3487 extra

103 3527 141 3590 in
171 3523 242 3590 loco
272 3547 415 3611 congruo
438 3537 471 3592 et
492 3525 683 3592 condecenti
706 3526 759 3592 vel
786 3527 982 3614 ubicumque
1010 3537 1042 3592 16
1065 3529 1183 3592 morari
1205 3526 1301 3590 conti·

103 3632 201 3716 gerit,
213 3633 335 3695 tociens
345 3632 498 3718 quociens
509 3653 590 3717 opus
601 3632 698 3697 fuerit
709 3631 875 3697 celebrare
886 3631 938 3697 vel
950 3631 1060 3697 facere
1073 3630 1234 3697 celebrari
1246 3632 1300 3715 ita,

105 3732 196 3821 quod
217 3735 250 3799 id
274 3757 335 3800 nec
357 3735 416 3799 tibi
439 3758 500 3801 neo
522 3735 683 3802 sacerdoti
703 3736 810 3802 taliter
832 3737 1009 3802 celebranti
1031 3735 1074 3802 ad
1097 3735 1224 3822 culpam
1247 3759 1301 3800 va·

104 3838 173 3904 leat
201 3841 362 3926 imputari,
395 3839 564 3905 devocioni
593 3851 648 3906 tue
676 3849 709 3906 et
731 3841 970 3907 successoribus
993 3843 1055 3906 tuis
1077 3864 1135 3928 pro
1158 3851 1302 3926 tempore

106 3945 299 4009 auctoritate
327 3947 533 4030 presencium
564 3944 604 4010 de
634 3945 766 4032 speciali
795 3947 908 4031 gracia
936 3945 1141 4032 indulgemus
1163 3947 1301 4032 prosim,

106 4049 196 4136 quod
227 4059 319 4135 parte
348 4048 532 4116 huiusmodi
559 4053 757 4115 concessioni
783 4053 894 4136 utaris,
925 4053 999 4138 quia
1029 4073 1103 4116 cum
1129 4053 1162 4116 in
1193 4051 1302 4116 altaris

107 4155 216 4219 officio
247 4154 431 4240 ymoleturb
462 4153 611 4220 dominus
633 4166 742 4221 noster
764 4155 818 4220 dei
839 4156 923 4221 filius
946 4156 1037 4221 Iesus
1060 4155 1216 4241 Christus,
1248 4157 1302 4240 qui

107 4258 232 4324 candor
262 4268 310 4324 est
339 4258 419 4325 lucis
448 4270 566 4346 eterne,
591 4263 739 4346 congruit
760 4260 822 4326 hoc
844 4283 907 4326 non
931 4263 1032 4326 noctis
1055 4259 1197 4327 tenebris
1220 4261 1300 4342 ficri,

107 4363 168 4429 sed
197 4367 230 4429 in
252 4363 334 4429 luce.
380 4365 417 4430 In
441 4387 579 4451 quorum
601 4367 743 4431 omnium
766 4374 798 4430 et
820 4365 1019 4450 singulorum
1041 4365 1141 4430 fidem
1164 4373 1197 4430 61
1218 4365 1302 4429 testi·

106 4471 251 4536 monium
284 4471 513 4555 premissorum
546 4480 711 4556 presentes
745 4470 867 4536 litteras
900 4470 970 4536 fieri
1007 4471 1171 4557 nostrique
1209 4467 1303 4553 sig'lli

106 4575 239 4640 maioris
277 4573 406 4659 oblongi
443 4576 591 4640 iussimus
629 4586 661 4641 et
697 4576 832 4653 fecimus
869 4577 1066 4663 appensione
1102 4575 1302 4640 communiri.

106 4802 188 4856 15⁰1.
213 4813 227 4836 ⁸
245 4803 300 4854 Das
318 4801 456 4869 Folgends
472 4819 526 4854 von
544 4803 658 4854 anderer
676 4803 710 4854 Η.
723 4820 750 4854 u.
763 4805 851 4856 Tinte.
872 4831 904 4842 -
923 4805 937 4839 ¹²
954 4804 1028 4870 Orig.

160 4897 269 4939 Pontos.
287 4895 393 4938 narn.
413 4895 508 4938 MLII.
1115 4891 1149 4938 34
