3250 5500
1267 481 1307 545 41

116 672 318 736 assecutione
347 671 498 736 beneficii
528 671 713 736 huiusmodi
743 671 890 738 volumus
921 673 1083 758 anteferri,
1107 672 1165 737 sed
1187 672 1312 737 nullum

116 796 171 860 per
201 773 265 838 hoc
297 777 343 839 eis
374 775 481 862 quoad
504 778 740 842 assecutionem
762 776 994 842 beneficiorum
1017 776 1151 842 aliorum
1173 777 1310 862 preiudi·

1 943 2 963 ἶ
116 881 198 942 cium
222 883 375 962 generari
398 901 454 944 seu
477 882 504 944 si
526 881 651 965 prefato
674 883 790 944 rectori
813 880 865 944 vel
889 881 1056 966 quibusvis
1079 881 1149 946 aliis
1172 902 1309 946 commu·

114 984 197 1046 niter
221 982 275 1047 vel
299 983 427 1048 divisim
450 1007 470 1049 a
491 983 577 1049 dicta
592 987 633 1049 sit
647 984 726 1049 sede
741 983 909 1069 indultum,
934 985 1020 1071 quod
1035 985 1078 1051 ad
1093 988 1310 1072 receptionem

115 1087 166 1150 vel
189 1090 407 1172 provisionem
431 1087 565 1154 alicuius
588 1090 717 1154 minime
739 1099 912 1154 teneantur
934 1099 967 1154 et
986 1089 1029 1154 ad
1044 1090 1078 1156 id
1094 1090 1240 1176 compelli
1254 1101 1312 1154 aut

1 1271 2 1282 ἵ
115 1191 200 1277 quod
232 1190 383 1256 interdici
412 1193 566 1279 suspendi
597 1194 648 1259 vel
680 1196 955 1260 excommunicari
982 1215 1046 1260 non
1067 1197 1191 1281 possint
1212 1194 1309 1280 quod·

1 1291 2 1344 l
116 1318 176 1381 que
209 1295 251 1360 de
283 1295 465 1362 huiusmodi
495 1297 547 1362 vel
577 1297 647 1362 aliis
676 1297 844 1362 beneficiis
873 1298 1099 1364 ecclesiasticis
1129 1298 1172 1364 ad
1200 1320 1311 1364 eorum

1 1421 2 1476 ξ
116 1401 320 1466 collationem
346 1405 560 1486 provisionem
583 1405 857 1488 presentationem
881 1425 937 1468 seu
960 1405 1109 1488 quamvis
1131 1403 1227 1469 aliam
1250 1403 1311 1466 dis

115 1508 306 1592 positionem
338 1509 532 1572 coniunctim
562 1507 614 1572 uel
645 1511 819 1594 separatim
848 1508 1068 1593 spectantibus
1098 1508 1177 1572 nulli
1203 1507 1313 1573 valeat

114 1609 280 1696 provideri
311 1633 369 1696 per
399 1610 519 1677 litteras
549 1611 740 1698 apostolicas
771 1635 835 1678 non
865 1613 1021 1678 facientes
1051 1612 1180 1698 plenam
1203 1622 1311 1677 etex·

1 1713 2 1772 Ξ
114 1737 263 1801 pressam
291 1737 330 1780 ac
354 1713 395 1780 de
418 1715 519 1780 verbo
541 1716 585 1780 ad
607 1715 744 1782 verbum
768 1717 809 1782 de
831 1716 954 1782 indulto
977 1716 1159 1782 huiusmodi
1181 1719 1311 1782 mentio·

1 1882 2 1913 p
115 1842 189 1884 nem
222 1831 255 1884 et
285 1819 429 1905 qualibet
458 1819 519 1886 alia
549 1819 635 1886 dicte
665 1821 751 1886 sedis
778 1821 978 1906 indulgentia
1000 1821 1145 1907 generali
1166 1821 1220 1884 vel
1242 1843 1312 1906 spe-

116 1923 199 2009 ciali,
236 1925 458 2010 cuiuscunque
492 1927 610 1990 tenoris
641 1927 767 2008 existat,
799 1948 859 2010 per
888 1947 985 2013 quam
1014 1925 1218 2011 presentibus
1248 1947 1313 1990 nou

1 2039 2 2056 ¹
115 2049 309 2114 expressam
340 2029 394 2093 vel
424 2028 561 2095 totaliter
590 2052 654 2094 nou
684 2033 837 2096 insertam
868 2031 1003 2095 effectus
1031 2052 1143 2094 earum
1164 2027 1313 2114 impediri

115 2134 226 2198 valeat
248 2132 489 2218 quomodolibet
510 2134 562 2200 vel
587 2133 708 2199 differri
731 2144 762 2200 et
785 2132 827 2198 de
850 2156 914 2220 qua
937 2136 1092 2219 cuiusque
1115 2142 1180 2199 toto
1202 2145 1312 2199 tenore

114 2236 271 2302 habenda
293 2239 390 2302 sitin
413 2239 528 2302 nostris
550 2237 662 2304 litteris
685 2241 803 2304 mentio
826 2239 983 2323 specialis.
1015 2237 1171 2303 Volumus
1195 2246 1312 2318 autem,

116 2341 205 2428 quod
232 2341 321 2406 idem
343 2340 530 2406 Fridericus
551 2353 624 2428 post
646 2345 900 2428 quinquennium
923 2367 943 2408 a
966 2342 1093 2408 datione
1116 2344 1313 2428 presentium

115 2447 298 2511 litterarum
330 2446 593 2530 computandum
612 2446 741 2532 aliquod
772 2446 967 2512 beneficium
997 2446 1173 2511 eamndem
1202 2449 1313 2532 vigore

117 2561 263 2636 nequeat
284 2560 456 2637 acceptare
480 2573 538 2616 seu
561 2551 601 2615 de
624 2551 677 2616 illo
700 2551 761 2616 sibi
784 2552 894 2617 iacere
916 2551 1080 2638 provideri
1102 2551 1313 2616 decernentes

115 2658 245 2722 irritum
266 2665 299 2720 et
320 2657 426 2740 inane,
450 2657 475 2720 si
498 2676 593 2720 secus
615 2664 724 2721 actum
746 2656 843 2721 fuerit
865 2658 898 2719 in
920 2657 1093 2742 premissis.
1124 2655 1168 2720 Et
1182 2658 1315 2740 insuper

119 2764 146 2825 si
179 2760 286 2825 dicbus
308 2759 496 2827 Fridericus
527 2760 569 2825 ad
592 2762 654 2827 hoc
677 2770 824 2848 repertus
846 2763 944 2827 fuerit
965 2760 1113 2849 ydoneus
1136 2771 1172 2825 ut
1194 2760 1315 2846 prefer·

116 2878 181 2949 tur,
217 2888 261 2931 ex
295 2889 381 2931 nuuc
413 2865 549 2951 perinde
578 2869 703 2931 irritum
733 2866 939 2932 decernimus
965 2875 998 2931 et
1026 2868 1132 2948 inane,
1164 2867 1191 2929 si
1222 2886 1316 2929 secus

117 2992 219 3056 snper
240 2970 302 3034 hiis
325 2993 345 3034 a
368 2992 530 3057 quoquam
553 2973 667 3057 quavis
690 2973 879 3037 auctoritate
901 2973 1041 3035 scienter
1063 2970 1115 3035 vel
1130 2972 1316 3055 ignoranter

117 3076 291 3159 contigerit
321 3077 506 3161 attemptari
535 3098 574 3139 ac
606 3078 632 3139 si
663 3075 714 3140 die
746 3076 883 3140 dationis
913 3075 1111 3161 presentium
1134 3072 1315 3138 huiusmodi

116 3180 327 3265 beneficium,
351 3178 488 3265 siquod
510 3189 587 3243 tunc
610 3178 751 3244 vacabat
773 3179 826 3244 vel
850 3202 923 3244 cum
946 3189 1089 3263 vacaret,
1121 3178 1207 3264 quod
1230 3177 1316 3241 idem

116 3284 308 3351 Fridericus
346 3292 381 3348 ut
417 3283 578 3370 prefertur
614 3284 749 3349 duceret
790 3282 1038 3370 acceptandum,
1084 3280 1316 3347 conferendum

117 3389 228 3456 eidem
261 3386 428 3453 Friderico
462 3387 505 3453 ad
539 3388 600 3453 hoc
633 3400 761 3474 reperto
795 3388 923 3475 ydoneo
957 3397 1030 3474 post
1063 3390 1316 3474 acceptationem

117 3492 305 3559 huiusmodi
329 3492 493 3557 donationi
515 3492 688 3578 apostolice
712 3515 786 3557 cum
808 3495 1048 3579 interpositione
1071 3492 1194 3557 decreti
1209 3491 1316 3555 duxis-

119 3621 230 3663 semus
261 3596 444 3681 specialiter
470 3596 714 3662 reservandum.
760 3598 881 3662 Datum
911 3598 1013 3662 Rome
1045 3595 1132 3683 apud
1162 3596 1317 3662 Sanctum

119 3706 256 3769 Petrum
290 3702 351 3767 III.
378 3723 479 3767 nonas
512 3702 684 3784 ianuarias,
718 3703 923 3787 pontificatus
957 3704 1057 3766 nostri
1091 3722 1174 3765 anno
1208 3701 1318 3786 quinto

120 3808 259 3873 decimo.

167 3963 246 4031 938.
886 3968 968 4025 1404
984 3968 1096 4025 tamor
1110 3967 1161 4032 20,
1179 3966 1274 4023 wien.

119 4106 274 4173 Andreas
295 4124 356 4169 oon
370 4101 576 4182 Potteasteio,
599 4100 736 4183 Psorrer
758 4123 800 4166 ao
816 4100 1023 4185 Grilteabery,
1047 4101 1143 4183 iodim
1164 4100 1224 4165 dos
1239 4100 1319 4181 Stin

355 4206 510 4289 Gdttweiq
532 4226 593 4270 voa
615 4206 699 4271 allen
721 4208 829 4271 setara
850 4206 1088 4289 Forderonpea.

227 4358 312 4424 orig„
331 4358 407 4424 Perg.
444 4357 485 4407 An
504 4356 709 4421 Perg.·Streiien
727 4358 743 4405 2
762 4356 859 4421 Siegol.

228 4488 287 4553 Ich
314 4486 426 4551 Andre
449 4508 512 4549 von
535 4484 732 4569 Potenstain‚
754 4484 887 4549 techant
909 4483 977 4549 und
1000 4484 1154 4549 chorherr
1181 4506 1218 4546 ze
1240 4482 1319 4547 Pas-

124 4616 205 4675 zaw,
228 4592 367 4678 pharrer
389 4614 426 4655 ne
450 4588 684 4676 Grillenperg,¹
711 4588 843 4674 vergicb
867 4588 1037 4654 offenleich
1059 4590 1117 4652 mit
1139 4587 1213 4653 dem
1236 4586 1324 4650 brief

125 4766 193 4823 9³8.
235 4767 245 4798 ¹
264 4766 367 4819 Kirchl.
381 4766 568 4832 Topographie
585 4766 617 4827 V,
637 4765 713 4817 1075.
