3250 5500
350 441 412 507 192

347 631 484 698 eandem
507 628 741 717 parrochialem
763 628 935 693 ecclesiam
958 630 1004 693 sic
1026 638 1198 693 vacantem
1221 635 1253 691 et
1268 626 1311 691 ad
1329 626 1534 691 collacionem

347 736 492 801 eiusdem
507 736 650 821 episcopi
666 734 825 799 duntaxat
839 735 1052 819 pertinentem
1067 732 1149 796 infra
1162 742 1288 817 tempus
1300 730 1477 815 legitimum
1488 753 1537 795 ac-

348 843 490 926 ceptavit
504 853 537 905 et
552 839 593 903 de
609 838 663 904 illa
679 838 740 903 sibi
756 837 891 903 obtinuit
904 836 1076 923 provideri.
1102 836 1184 902 Ourn
1200 845 1308 901 autem
1324 837 1407 901 sicut
1423 834 1536 899 eedem

346 946 462 1030 peticio
482 942 709 1027 subiungebat,
730 942 817 1005 idem
832 941 957 1028 Caspar
973 940 1098 1006 dubitet
1112 942 1371 1027 acceptationem
1388 948 1420 1005 et
1436 942 1536 1025 provi-

347 1052 468 1114 sionem
485 1046 647 1134 predictas
663 1069 706 1111 ex
722 1048 818 1111 certis
831 1048 936 1110 causis
948 1045 1071 1111 iuribus
1084 1068 1147 1110 non
1161 1044 1333 1110 subsistere
1347 1053 1378 1109 et
1393 1048 1478 1109 sicut
1488 1065 1537 1109 ao·

347 1156 500 1239 cepimus,
528 1151 614 1216 dicta
640 1149 848 1237 parrochialis
875 1150 1013 1215 ecclesia
1040 1149 1148 1215 adhuc
1175 1159 1211 1214 ut
1233 1150 1394 1235 prefertur
1416 1171 1535 1214 vacare

348 1268 508 1339 noscatur,
524 1278 581 1320 uos
596 1256 741 1320 volentes
758 1255 864 1320 eidem
875 1254 1010 1341 Caspari
1026 1256 1253 1341 premissorum
1268 1256 1455 1319 meritorum
1471 1276 1539 1318 suo

347 1386 419 1427 rum
441 1363 557 1426 intuitu
578 1363 722 1445 graciam
744 1360 853 1424 facere
876 1360 1049 1445 specialem
1065 1359 1255 1425 discrecioni
1271 1370 1376 1425 vestre
1392 1382 1453 1445 per
1467 1381 1540 1444 apo·

348 1467 460 1532 stolica
474 1468 594 1551 scripta
609 1464 810 1547 mandamus,
835 1466 985 1550 quatinus
1004 1486 1063 1529 vos
1079 1464 1132 1529 vel
1147 1463 1211 1529 duo
1226 1474 1282 1528 aut
1296 1486 1379 1529 uuus
1396 1474 1539 1529 vestrum

347 1594 407 1658 per
431 1592 489 1635 voa
514 1568 568 1635 vel
593 1569 692 1635 alium
714 1591 771 1634 seu
794 1568 872 1633 alios
894 1567 1129 1655 parrochialem
1152 1568 1323 1634 ecclesiam
1349 1569 1539 1654 predictam,

348 1679 439 1741 cuius
453 1676 576 1740 fructus
591 1674 738 1739 redditus
753 1684 785 1738 et
799 1684 976 1760 proventus
991 1696 1051 1739 sex
1066 1673 1271 1739 marcharum
1286 1677 1412 1759 argenti
1430 1696 1541 1739 recun-

349 1779 426 1845 dum
443 1802 645 1845 communem
662 1780 909 1843 extimacionem
925 1778 1068 1843 valorem
1090 1802 1234 1844 annuum
1256 1790 1291 1844 ut
1313 1778 1400 1844 idern
1417 1778 1541 1863 Caspar

348 1889 462 1950 asserit
476 1908 541 1950 non
557 1884 731 1968 excedunt,
755 1886 823 1948 sive
839 1894 875 1949 ut
889 1884 1051 1969 prefertur
1066 1886 1135 1948 sive
1150 1883 1228 1948 alias
1245 1886 1357 1970 quovis
1374 1883 1471 1949 modo
1487 1894 1543 1947 aut

349 2012 392 2054 ex
415 1990 544 2055 alterius
567 1992 797 2074 cuiuscumque
821 2010 958 2075 persona
981 1986 1040 2053 sed
1062 2010 1121 2075 per
1136 1988 1270 2054 liberam
1284 1991 1541 2075 resignacionem

350 2093 481 2159 alterius
512 2116 571 2180 per
601 2116 674 2158 eum
705 2091 746 2157 de
776 2092 831 2157 illa
858 2102 952 2157 extra
979 2092 1099 2157 dictam
1123 2096 1244 2157 curiam
1266 2102 1408 2159 nostram
1432 2116 1541 2157 coram

349 2200 471 2262 notario
501 2196 630 2282 publico
661 2206 693 2262 et
722 2196 859 2261 testibus
890 2206 1002 2283 sponte
1028 2198 1149 2263 factam
1171 2208 1275 2281 vacet,
1300 2200 1431 2263 eciamsi
1454 2207 1542 2262 tanto

348 2312 491 2388 tempore
515 2304 689 2387 vacaverit,
713 2301 799 2388 quod
823 2304 891 2367 eius
916 2302 1046 2367 collacio
1068 2303 1160 2367 iuxta
1177 2300 1407 2367 Lateranensis
1423 2312 1542 2367 statuta
1617 2346 1618 2349 =

348 2405 473 2471 concilii
495 2406 538 2471 ad
562 2405 673 2471 sedem
694 2406 903 2492 apostolicam
925 2406 1067 2493 legitime
1090 2406 1242 2472 devoluta
1264 2406 1316 2472 vel
1339 2410 1410 2493 ipsa
1433 2430 1543 2494 parre

350 2510 462 2575 chialis
492 2510 629 2576 ecclesia
659 2511 861 2597 disposicioni
884 2511 1056 2598 apostolice
1085 2511 1265 2597 specialiter
1287 2521 1455 2577 reservata
1479 2515 1543 2576 exi·
1617 2580 1618 2587 χ

350 2624 413 2681 stat
442 2627 475 2681 et
501 2638 600 2702 super
622 2638 661 2681 ea
683 2618 767 2682 inter
788 2615 912 2702 aliquos
935 2616 983 2701 lis,
1007 2619 1097 2683 cuius
1120 2627 1238 2685 statum
1260 2616 1465 2702 presentibus
1489 2616 1542 2682 ha·
1617 2642 1618 2649 ¹

349 2719 419 2786 beri
441 2719 589 2786 volumus
611 2742 670 2807 pro
686 2743 852 2808 expresso,
873 2720 1015 2807 pendeat
1029 2720 1184 2806 indecisa,
1208 2719 1380 2787 dummodo
1396 2730 1542 2808 tempore

351 2825 486 2890 dationis
509 2829 712 2912 presencium
734 2849 797 2892 non
821 2829 861 2892 sit
883 2829 916 2890 iu
939 2850 978 2892 ea
998 2827 1095 2892 alicui
1110 2826 1292 2914 specialiter
1306 2828 1356 2891 ius
1371 2829 1544 2912 quesitum,

351 2953 425 2994 cum
447 2930 596 2995 omuibus
618 2929 741 2996 iuribus
764 2940 796 2995 ct
819 2933 1017 3017 pertinentiis
1040 2934 1106 2996 suis
1130 2931 1236 2996 eidem
1250 2931 1385 3017 Oaspari
1408 2934 1544 2997 auctori-

350 3042 415 3099 tate
446 3043 555 3099 nostra
585 3036 733 3101 conferre
764 3044 796 3100 et
826 3037 991 3120 assignare
1022 3038 1138 3101 curetis
1168 3035 1357 3100 inducentes
1387 3058 1464 3101 eum
1493 3036 1544 3101 vel

351 3149 591 3225 procuratorem
625 3162 719 3204 suum
754 3143 822 3205 eius
856 3142 982 3206 nomine
1016 3143 1050 3204 in
1079 3140 1278 3225 corporalem
1308 3143 1545 3226 possessionem

349 3243 560 3329 parrochialis
591 3244 727 3309 ecclesie
757 3247 938 3330 iuriumque
970 3255 1001 3310 et
1031 3247 1302 3330 pertinenciarum
1324 3243 1544 3331 predictorum

350 3358 384 3412 et
406 3346 618 3414 defendentes
640 3347 808 3414 inductum
831 3359 936 3414 amoto
959 3347 1080 3413 exinde
1096 3347 1239 3435 quolibet
1253 3348 1359 3414 illicito
1376 3347 1544 3416 detentore

351 3475 391 3516 ac
413 3453 570 3517 facientes
592 3452 654 3516 sibi
678 3450 719 3516 de
742 3453 842 3539 ipsius
865 3452 1074 3538 parrochialis
1097 3453 1234 3520 ecclesie
1256 3454 1414 3520 fructibus
1436 3453 1542 3520 reddi·

351 3556 437 3621 tibus
470 3556 679 3641 proventibus
713 3557 836 3622 iuribus
870 3567 903 3622 et
936 3557 1188 3622 obvencionibus
1222 3561 1380 3624 universis
1417 3561 1544 3644 integre

352 3661 540 3747 responderi
570 3660 820 3727 contradictores
850 3663 1039 3728 auctoritate
1069 3673 1178 3728 nostra
1207 3662 1427 3748 appellacioue
1461 3672 1544 3749 post·

351 3767 454 3850 posita
476 3765 722 3851 compescendo,
753 3789 818 3831 nou
842 3766 1042 3832 obstantibus
1065 3767 1167 3832 felicis
1190 3766 1426 3833 recordacionis
1449 3768 1545 3832 Boni·

351 3867 427 3933 facii
461 3891 545 3955 pape
571 3870 654 3935 VIII
686 3871 926 3957 predecessoris
960 3874 1060 3937 nostri
1093 3883 1125 3936 et
1158 3872 1226 3937 aliis
1257 3872 1545 3938 constitucionibus

353 3973 533 4060 apostolicis
564 3977 730 4040 contrariis
761 3975 1008 4062 quibuscunque
1023 3986 1094 4056 ‚aut
1124 3979 1150 4042 si
1181 3976 1278 4063 aliqui
1313 3999 1410 4062 super
1441 3980 1545 4064 provi·

353 4077 494 4142 sionibus
525 4079 585 4144 sibi
615 4079 772 4144 faciendis
803 4079 844 4145 de
874 4080 1057 4146 huiusmodi
1086 4080 1138 4146 vel
1160 4081 1229 4146 aliis
1253 4081 1419 4148 beneficiis
1443 4081 1545 4147 eccle·

354 4184 487 4248 siasticis
518 4186 551 4250 in
573 4185 633 4249 illis
655 4183 802 4271 partibus
824 4185 983 4271 speciales
1005 4186 1057 4252 rel
1081 4186 1250 4272 generales
1273 4187 1359 4253 dicte
1382 4185 1468 4252 sedis
1491 4185 1546 4252 vel

354 4287 531 4372 legatorum
562 4292 630 4354 eins
659 4289 782 4354 litteras
812 4293 1022 4376 impetrarint,
1053 4293 1184 4356 eciamsi
1206 4315 1265 4378 per
1287 4314 1342 4357 eas
1365 4291 1409 4357 ad
1430 4290 1545 4356 inhibi-

355 4393 477 4456 cionem
508 4397 767 4459 reservacionem
798 4405 831 4460 et
861 4395 1027 4460 decretum
1057 4395 1110 4460 vel
1139 4395 1218 4460 alias
1245 4393 1484 4482 quomodolibet
1506 4397 1547 4460 sit

354 4518 549 4581 processum,
580 4497 696 4583 quibus
724 4498 872 4564 omnibus
896 4497 1035 4564 eundem
1059 4499 1236 4586 Casparem
1258 4503 1291 4565 in
1312 4502 1544 4566 assecucione·

355 4723 432 4778 1119.
458 4735 472 4758 ⁸
490 4727 545 4777 Daa
563 4726 700 4792 folgende:
719 4726 785 4778 dicte
798 4727 974 4793 parrochialis
992 4729 1091 4778 ecclesie
1106 4729 1221 4780 nodemus
1239 4728 1288 4779 auf
1303 4729 1396 4780 Rasur.
