3250 5500
329 481 395 546 274

330 673 371 738 ad
395 672 592 738 audientiam
615 672 690 738 dive
721 674 875 737 memorie
906 671 1011 738 Caroli
1043 673 1149 758 quarti
1179 674 1273 737 etiam
1304 672 1524 737 Romanorum

326 780 528 865 imperatoris
558 799 686 863 semper
720 780 849 862 augusti
882 776 1032 859 deducto,
1066 775 1153 863 quod
1188 775 1330 841 nonnulli
1360 774 1524 840 seculares

330 906 467 970 persone
479 885 512 947 in
524 882 735 969 potestatibus
752 892 784 947 01
799 882 913 947 officiis
925 880 1062 968 publicis
1074 884 1244 946 constitute
1256 880 1405 946 videlicet
1421 879 1525 943 duces

327 987 530 1053 marchiones
554 989 686 1052 comites
717 987 856 1051 barenes
888 996 920 1051 et
949 986 1001 1051 alii
1033 986 1151 1051 domini
1173 984 1365 1072 temporales
1394 1005 1523 1049 necnon

328 1093 476 1158 eonsules
511 1094 676 1157 civitatum
706 1092 873 1177 opidorum
904 1088 1052 1156 villarum
1083 1100 1115 1155 et
1144 1090 1286 1155 locorum
1316 1098 1458 1155 rectores
1490 1090 1524 1152 in

326 1198 462 1263 diversis
485 1198 651 1283 provintiis
675 1196 819 1261 eiusdem
843 1197 968 1281 imperii
991 1194 1043 1259 dei
1065 1198 1178 1259 timore
1205 1196 1378 1281 postposito
1401 1202 1524 1258 statuta

326 1301 501 1388 singularia
518 1311 549 1366 et
564 1302 690 1386 iniquas
706 1299 925 1365 ordinationes
940 1310 1028 1364 metu
1044 1300 1173 1386 proprio
1197 1309 1229 1364 01
1251 1299 1292 1364 de
1307 1299 1392 1363 facto
1409 1307 1525 1362 contra

326 1409 412 1492 ipsas
435 1428 589 1492 personas
612 1405 847 1471 ecclesiasticas
870 1414 903 1469 et
925 1404 1135 1468 ecclesiarum
1161 1403 1324 1469 libertates
1348 1415 1381 1468 01
1409 1424 1524 1466 eorum

326 1511 496 1596 privilegia
511 1509 717 1575 considerant
731 1509 857 1595 illisque
874 1509 914 1573 de
929 1509 1014 1574 facto
1031 1517 1063 1572 et
1078 1507 1205 1594 publice
1222 1507 1394 1574 utebantur
1409 1516 1526 1573 contra

327 1618 499 1681 canonicas
523 1624 555 1679 01
576 1614 734 1699 legitimas
757 1616 948 1698 sanctiones,
973 1622 1083 1700 utpote
1107 1613 1194 1699 quod
1224 1613 1313 1679 00110
1335 1613 1421 1678 bona
1443 1622 1524 1677 tenr-

326 1719 447 1805 poralia
469 1722 501 1782 in
526 1728 718 1804 potestatem
741 1718 993 1783 eeclesiasticam
1021 1717 1272 1782 transferrentur
1294 1726 1389 1783 0100
1412 1717 1524 1782 0100101

326 1827 359 1889 10
382 1826 482 1888 000010
505 1823 672 1889 ordinibus
700 1824 862 1888 constituti
892 1821 935 1886 ad
966 1821 1128 1908 agendum
1158 1832 1191 1887 01
1219 1820 1458 1887 testificandum
1488 1824 1524 1885 in

327 1928 475 1993 civilibus
506 1937 539 1993 et
567 1930 709 1992 maxime
742 1930 775 1993 in
808 1929 869 2013 piis
903 1930 1009 1993 causis
1042 1927 1243 2013 aliquatenus
1276 1927 1526 1993 admitterentur

326 2031 478 2118 quodque
501 2034 772 2097 exeommunicati
793 2031 867 2096 laici
890 2043 922 2096 01
943 2030 1072 2118 publice
1089 2031 1266 2096 denuntiati
1288 2034 1320 2097 in
1345 2030 1429 2095 civili
1452 2031 1524 2097 foro

326 2139 456 2201 minime
488 2136 732 2223 repellerentur.
777 2136 822 2201 Et
851 2138 982 2222 insuper
1011 2136 1148 2222 predicti
1179 2135 1298 2201 domini
1329 2134 1524 2221 temporales

327 2240 474 2306 00000100
497 2250 530 2305 01
550 2250 694 2305 00010000
709 2263 768 2327 000
790 2241 970 2305 secularem
986 2250 1178 2327 potestatem
1199 2262 1252 2305 res
1275 2249 1307 2306 et
1329 2240 1415 2305 bona
1432 2240 1524 2305 cleri-

327 2367 439 2410 corum
473 2354 670 2431 occuparent
707 2354 904 2409 arrestarent
941 2354 973 2409 et
1010 2344 1187 2410 oblationes
1221 2345 1340 2411 Christi
1376 2343 1524 2409 fidelium

326 2453 508 2516 minuerent
530 2458 626 2536 atque
643 2452 885 2536 restringerent,
909 2453 1097 2516 exactiones
1120 2462 1152 2517 et
1173 2451 1278 2516 tallias
1293 2450 1455 2515 indebitas
1481 2449 1524 2513 de

327 2554 418 2619 bonis
441 2564 474 2619 et
488 2553 668 2620 redditibus
685 2554 894 2619 ecclesiarum
911 2557 1080 2639 exigerent
1095 2565 1127 2620 et
1143 2564 1381 2642 extorquerent,
1397 2574 1524 2639 posses-

325 2660 430 2723 siones
447 2659 653 2724 ecclesiarum
672 2669 705 2725 et
719 2681 930 2745 personarum
948 2659 1124 2725 earundem
1140 2659 1350 2725 devastarent
1363 2657 1523 2725 incendiis

325 2774 357 2829 et
373 2767 502 2850 rapinis,
519 2772 703 2830 contractus
718 2764 751 2828 10
767 2764 901 2829 clericos
917 2774 949 2829 01
964 2765 1062 2830 101000
1084 2765 1185 2831 factos
1208 2763 1348 2851 legitime
1364 2763 1407 2828 ad
1423 2763 1523 2829 libros

328 2871 493 2934 civitatum
509 2868 656 2934 villarum
680 2878 712 2933 et
734 2869 877 2934 locorum
892 2869 1109 2955 predictorum
1126 2870 1304 2935 inscribere
1327 2878 1358 2933 et
1381 2868 1523 2953 sigillare

328 2984 516 3039 recusarent
538 2972 721 3060 donataque
744 2983 777 3038 et
790 2974 898 3059 legata
913 2974 954 3038 ad
979 2975 1119 3040 fabricas
1143 2985 1174 3038 et
1197 2974 1405 3039 ecelesiarum
1421 2984 1524 3040 struc-

327 3088 416 3143 turas
433 3087 545 3142 eontra
560 3078 756 3163 prelatorum
770 3078 968 3143 voluntatem
991 3088 1023 3143 01
1045 3078 1189 3157 aliorum,
1206 3101 1342 3165 quorum
1356 3083 1523 3164 intererat,

325 3191 447 3248 temere
470 3205 628 3269 usurpare
655 3191 879 3268 presumerent
908 3184 1003 3247 0010
1026 3182 1174 3248 fraudem
1197 3193 1229 3247 et
1252 3183 1361 3248 odium
1392 3180 1523 3248 clerieo-

326 3310 398 3353 rum
422 3287 579 3352 debonis
611 3290 707 3352 etiam
737 3297 769 3352 et
798 3286 896 3351 rebus
928 3286 1104 3352 eorundem
1134 3288 1332 3373 clericorum,
1364 3309 1427 3374 que
1457 3310 1522 3354 000

327 3413 428 3456 00000
451 3393 712 3477 negotiationum,
735 3391 794 3456 sed
817 3413 877 3477 pre
900 3412 1011 3456 eorum
1034 3395 1172 3476 propriis
1194 3391 1306 3456 usibus
1329 3415 1524 3478 percorum

325 3504 428 3559 terras
452 3494 616 3560 ducebant
631 3519 687 3561 seu
704 3494 780 3561 duci
794 3493 968 3575 faciebant,
987 3495 1160 3561 thelonium
1178 3498 1309 3583 exigere
1326 3506 1358 3562 et
1372 3499 1521 3582 recipere

326 3621 391 3664 000
413 3600 611 3665 verebantur
633 3609 666 3664 01
688 3600 909 3685 confugientes
932 3599 975 3664 ud
998 3600 1151 3666 ecclesias
1174 3610 1341 3667 eteorum
1364 3604 1522 3668 cimiteria

326 3703 402 3767 inde
426 3703 597 3769 extrahere
621 3713 733 3769 000100
755 3706 928 3768 0000010οε
951 3713 984 3769 01
1005 3706 1188 3792 imperiales
1211 3709 1391 3772 sanctiones
1415 3705 1522 3772 huius-

327 3807 414 3873 modi
437 3817 699 3893 presumpserant
729 3817 762 3872 et
782 3807 1023 3894 presumebant.
1069 3808 1161 3874 Idem
1188 3808 1322 3875 Carolus
1348 3813 1523 3896 imperator

328 3924 483 3998 tanquam
506 3912 786 3979 christianissimus
809 3915 959 3999 princeps
979 3912 1090 3978 volens
1113 3916 1146 3978 in
1167 3917 1332 4000 premissis
1351 3915 1522 4001 providere

328 4016 371 4081 de
404 4017 547 4083 remedio
578 4018 709 4083 salutari
742 4021 839 4084 etiam
874 4017 915 4082 de
949 4017 1151 4104 quorundam
1185 4019 1305 4085 ducum
1338 4023 1522 4107 principum

328 4124 479 4188 comitum
509 4121 667 4188 baronum
697 4121 905 4207 fideliumque
935 4120 1070 4188 aliorum
1098 4124 1181 4188 sacri
1210 4125 1336 4210 imperii
1365 4124 1523 4211 sepedicti

328 4226 468 4311 consilio,
493 4231 680 4294 auctoritate
704 4228 860 4315 imperiali
876 4249 1068 4314 quecunque
1084 4237 1203 4294 statuta
1217 4251 1256 4294 00
1272 4229 1523 4294 consuetudines

328 4331 474 4416 predicta
496 4341 650 4418 tanquam
673 4354 732 4418 per
755 4335 926 4397 canonicas
950 4342 982 4397 et
1012 4332 1122 4398 civiles
1154 4335 1334 4399 sanctiones
1366 4356 1522 4420 expresse

327 4435 501 4521 reprobata
524 4439 664 4502 cassavit
678 4437 816 4503 irritavit
838 4447 870 4502 et
884 4435 1041 4502 anullavit
1063 4459 1211 4503 0000000
1233 4440 1323 4504 100110
1338 4437 1522 4525 nulliusque

327 4561 399 4604 esse
422 4541 523 4606 voluit
543 4541 666 4606 roboris
687 4540 740 4606 vel
762 4543 915 4607 momenti
938 4544 1120 4629 precipiens
1143 4543 1202 4609 sub
1226 4544 1399 4629 imperialis
1421 4542 1523 4608 banni

328 4667 413 4731 pena
435 4649 595 4710 universis
623 4655 655 4710 et
677 4646 811 4732 singulis
834 4648 1032 4734 principibus
1063 4658 1095 4714 01
1125 4648 1260 4714 dominis
1290 4649 1523 4736 temporalibus

328 4749 514 4814 oonsulibus
552 4751 765 4835 potestatibus
798 4761 830 4816 01
863 4751 932 4816 01110
962 4755 992 4817 10
1026 4755 1140 4818 officiis
1173 4754 1309 4840 publicis
1343 4757 1375 4818 in
1406 4753 1524 4818 eodem
