3250 5500
1239 456 1303 520 315

105 648 224 708 aommt
246 644 315 708 dem
337 663 532 709 carcasensis
547 643 645 710 Ziaae
666 645 726 709 mit
747 645 804 710 dcr
819 645 1022 730 Beatam,
1045 646 1097 711 dic
1111 646 1304 729 Zinsptlicht

106 750 143 812 in
168 747 317 829 &kraft
336 769 441 831 penca
464 747 674 830 ehamholten,
698 749 837 816 elersen
858 750 924 816 hot.

212 851 347 934 sorar.-
382 851 437 938 (1.)
468 852 601 918 virson
634 831 802 938 lirense,
834 852 906 939 (n.)
941 854 1000 918 aer
1029 852 1102 919 era
1131 855 1309 936 rnorem

107 955 316 1021 Hachstetsr.

212 1059 351 1128 Datum:
367 1060 560 1126 Geschehen
575 1061 690 1148 (1439)
703 1084 745 1126 an
760 1072 834 1128 sant
844 1062 942 1126 Peter
957 1062 1024 1126 und
1040 1072 1114 1127 sant
1127 1063 1302 1148 Paullstag.

209 1235 292 1302 Orig.,
310 1236 388 1301 Perg.
411 1236 537 1286 Dentsch.
561 1237 602 1286 An
615 1237 822 1302 Perg.-Streifen
835 1239 851 1286 2
863 1237 967 1303 Siegel;
987 1238 1070 1303 Copie
1082 1239 1111 1287 in
1123 1238 1187 1289 (lod.
1198 1238 1219 1288 C
1231 1239 1250 1288 f.
1261 1241 1303 1290 66.

211 1359 232 1407 I.
242 1357 311 1407 rund
322 1356 387 1422 (26),
397 1363 466 1423 grtln
475 1357 523 1408 anf
531 1359 601 1420 Sch.‚
612 1359 649 1408 1v
656 1359 680 1408 A
687 1361 709 1409 2.
725 1358 935 1410 Umndentlich:
945 1374 964 1408 s.
975 1359 1077 1410 vlreich
1088 1397 1303 1413 .............

106 1445 234 1496 Getheilt.
254 1473 287 1482 -
305 1445 340 1496 11.
359 1445 523 1511 boschittligt,
545 1445 614 1497 rond
627 1445 693 1511 (30),
711 1451 777 1512 griln
796 1447 846 1496 auf
861 1447 931 1510 Sch,
949 1447 988 1496 1v
998 1447 1026 1497 C.
1049 1447 1096 1498 U.:
1114 1465 1135 1498 s.
1155 1448 1301 1498 tridreich·

106 1533 268 1583 hochstetar.
304 1532 356 1582 mn
375 1533 528 1583 aufrechter
546 1533 733 1599 Schwartgriff.
770 1534 827 1583 Der
845 1533 998 1584 Stechhelm
1017 1549 1051 1584 en
1069 1533 1154 1599 profil.
1191 1534 1302 1585 Cimier:

106 1620 152 1669 ein
170 1619 372 1686 geschlossener
390 1619 460 1686 Flug
478 1621 526 1670 mit
543 1619 603 1670 dom
622 1619 820 1686 Schwertgriffe
837 1619 879 1670 als
897 1619 1086 1670 Hilfskleinod.

151 1863 253 1930 1245.
818 1869 901 1926 1439
916 1871 986 1926 lunt
1002 1869 1054 1936 29,
1072 1864 1258 1946 [Gtttwelgh

107 2053 326 2136 Weihhiscltos
349 2053 495 2120 Martias
528 2075 589 2119 voa
618 2053 744 2120 Possou
778 2055 965 2120 benediciert
997 2056 1065 2121 aad
1097 2053 1303 2120 rcconoiliiert

418 2158 572 2224 beaaoote
595 2159 752 2241 Kopelleo
774 2159 810 2223 io
833 2157 994 2243 Gottweip.

214 2333 296 2399 Orlg„
315 2333 393 2399 Perg.
415 2333 505 2400 Sicgel
522 2349 558 2384 an
570 2333 784 2399 Perg.·Streifon.

213 2454 326 2505 Betreffs
344 2455 391 2508 der
409 2455 553 2505 baulichen
570 2454 674 2522 Anlage
692 2455 738 2506 des
756 2454 848 2506 Stiftss
866 2454 919 2521 vgl.
933 2455 1031 2518 Fuchs,
1048 2455 1213 2521 Gottweiger
1225 2455 1303 2506 Urh-

107 2541 185 2593 Buch
203 2543 217 2592 1
235 2543 264 2592 in
282 2542 380 2594 Fontes
398 2544 423 2604 2,
442 2543 478 2592 LI
497 2559 536 2593 nr.
549 2545 591 2594 30.

216 2697 285 2763 Nos
317 2697 459 2763 Mathias
498 2697 548 2763 dei
588 2707 619 2763 et
656 2699 831 2785 apostolice
865 2699 950 2765 sedis
986 2700 1097 2784 gracia
1134 2700 1303 2784 episcopus

105 2804 327 2886 Vitricensis‚¹
350 2803 611 2868 reverendissimi
634 2806 667 2867 in
690 2803 793 2869 Oristo
824 2806 925 2890 patris
955 2828 994 2869 ac
1024 2804 1153 2885 domini,
1184 2802 1302 2867 domini

101 2906 294 2972 Leonhardi
318 2907 434 2972 eadem
465 2910 577 2993 gracia
608 2912 750 2994 episcopi
773 2910 974 2974 Pataviensis
1003 2912 1036 2973 in
1066 2906 1302 2994 pontificalibus

104 3022 305 3099 cooperator,
330 3015 488 3077 universis
505 3014 606 3078 Kristi
627 3012 777 3079 fidelibus
793 3024 960 3100 presentes
976 3014 1096 3077 litteras
1111 3013 1303 3097 inspecturis

105 3118 246 3183 salutem
267 3121 300 3182 in
325 3117 452 3183 domino
476 3120 714 3203 sempiternam.
745 3118 854 3183 Deum
870 3117 1032 3182 credimus
1055 3115 1177 3181 habere
1200 3117 1302 3201 propi-

106 3226 194 3288 cium
219 3232 279 3287 etc.
326 3223 411 3287 Hinc
436 3232 493 3305 est,
517 3223 604 3308 quod
627 3245 711 3287 anno
742 3222 863 3288 domini
892 3222 1059 3288 millesimo
1089 3221 1302 3309 quadringen-

105 3330 221 3391 tesimo
244 3329 407 3412 trigesimo
431 3349 514 3391 nono
537 3330 571 3391 in
594 3326 742 3391 natalicio
766 3336 950 3393 sanctorum
977 3326 1192 3413 apostolorum
1214 3326 1303 3391 Petri

105 3442 139 3496 et
162 3430 256 3495 Pauli
279 3430 436 3517 capellam
458 3454 621 3497 annexam
639 3431 735 3497 choro
752 3441 783 3497 et
799 3431 984 3498 dormitorio
1007 3434 1040 3495 in
1055 3431 1175 3496 honore
1191 3440 1302 3495 sancte

107 3545 141 3600 et
164 3534 331 3600 individue
355 3537 503 3600 trinitatis
526 3557 565 3600 ac
589 3535 726 3621 gloriose
749 3538 883 3621 virginis
905 3538 1008 3602 Marie
1035 3558 1162 3600 necnon
1191 3543 1302 3600 sancte

104 3650 139 3704 et
162 3640 453 3704 invictoriosissimo
477 3642 581 3704 crucis
606 3639 724 3705 domini
747 3643 846 3705 nostri
869 3641 966 3706 Ihesu
981 3642 1084 3706 Kristi
1107 3650 1138 3704 et
1161 3641 1302 3704 omnium

104 3754 292 3808 sanctorum
316 3752 348 3807 et
370 3742 554 3829 specialiter
576 3747 608 3808 in
632 3745 752 3809 honore
776 3755 960 3811 sanctorum
981 3744 1198 3832 apostolorum
1213 3744 1301 3808 Petri

104 3858 139 3912 et
161 3846 265 3929 Pauli,
290 3850 392 3913 sancti
415 3846 551 3912 Achaoii
567 3858 599 3913 et
614 3852 773 3914 sociorum
790 3852 858 3914 eius
876 3859 1068 3936 cooperante
1083 3849 1176 3913 nobis
1191 3850 1302 3933 gracia

104 3953 238 4038 spiritus
262 3952 364 4015 sancti
384 3952 426 4017 ad
442 3953 633 4017 instanciam
648 3952 843 4019 venerabilis
858 3957 958 4040 patris
980 3975 1019 4019 ac
1036 3952 1166 4038 domini,
1183 3953 1302 4016 domini

104 4056 199 4120 Luce
222 4066 300 4120 tunc
322 4059 474 4141 temporis
496 4055 623 4121 abbatis
654 4060 686 4122 in
717 4057 849 4123 modum
878 4058 1015 4123 ecclesie
1042 4059 1302 4123 consecravimus

105 4182 182 4224 cum
205 4182 262 4225 suo
294 4159 386 4224 altari
408 4161 586 4247 principali.
633 4161 845 4228 Continentur
874 4173 982 4229 autem
1015 4163 1077 4228 hec
1107 4162 1239 4247 reliquie
1269 4164 1302 4226 in

103 4263 223 4329 eodem
245 4263 350 4329 altari:
374 4267 477 4350 primo
501 4264 541 4330 de
566 4289 661 4331 cruce
685 4266 814 4349 domini,
839 4267 881 4332 de
904 4267 1074 4354 sepulchro
1097 4266 1227 4349 domini,
1259 4265 1301 4329 de

105 4368 188 4451 loco,
206 4391 270 4455 quo
286 4368 364 4434 obiit
378 4369 475 4435 beata
491 4372 582 4456 virgo
598 4370 712 4456 Maria,
732 4376 835 4436 sancti
850 4372 1003 4437 Iohannis
1017 4372 1165 4458 baptiste,
1181 4380 1273 4435 sanct
1292 4406 1302 4416 ·

103 4574 190 4631 1245.
228 4576 334 4629 ¹Etwa
359 4596 412 4629 von
442 4581 598 4632 Victoriana
631 4581 695 4632 oder
717 4564 803 4633 Vicus
826 4582 910 4645 Ateri,
933 4582 1013 4633 boide
1035 4584 1106 4633 eiust
1127 4580 1302 4631 Bischofsitze

103 4667 133 4716 in
161 4666 210 4716 der
237 4665 502 4717 nordafrilranischen
530 4668 673 4718 Provincia
699 4668 841 4735 Byzarena
868 4669 979 4736 (Archiv
1001 4669 1019 4721 f.
1036 4667 1259 4737 Diocesangesch.
1275 4684 1299 4717 v.

104 4752 255 4804 stretton
274 4752 333 4815 vn,
352 4752 389 4819 9).
