3250 5500
1252 472 1316 537 437

168 651 266 719 lm
928 667 1272 742 rmfflmm

226 844 330 927 Popst
359 846 512 913 Nicotaus
534 844 612 934 [tt]
640 848 770 914 verleilut
800 850 862 915 den
891 850 1079 936 Gldubipen,
1113 855 1225 921 welche
1258 858 1318 925 dus

121 949 252 1015 Kloster
283 950 447 1035 Gottweip,
478 953 537 1019 doe
567 955 603 1018 in
632 956 740 1019 scinco
770 955 1013 1023 Bauliobkes'tcn
1046 960 1101 1024 der
1131 960 1318 1044 Reparatur

124 1052 247 1137 beders,
267 1076 312 1120 ou
331 1056 391 1120 deu
410 1056 527 1123 Festcu
541 1058 656 1125 Marici
670 1058 902 1143 Himmclfabrt
920 1062 988 1126 oud
1008 1064 1065 1127 der
1083 1064 1154 1130 teil.
1171 1064 1318 1132 ciriacus

123 1160 192 1225 uod
213 1161 314 1225 scincr
330 1158 488 1229 chosseo
507 1163 769 1229 oodochtsloolbcr
784 1165 943 1247 benten,
967 1168 1026 1233 dos
1048 1168 1119 1234 tet,
1137 1170 1317 1237 Bussaero

123 1268 210 1328 ment
232 1266 420 1348 enpsoopeo
441 1267 510 1330 uod
530 1288 589 1331 our
609 1266 797 1349 Reparatur
819 1271 888 1335 uod
900 1270 1084 1355 Erholtuw
1106 1274 1159 1338 des
1174 1273 1319 1341 Klostcrs

122 1369 215 1538 zoppo
235 1368 371 1453 Beitrop
393 1370 511 1452 leistcu,
534 1372 626 1437 cim
640 1372 757 1439 Abloss
778 1393 840 1439 ooo
861 1374 1022 1441 stauros
1043 1376 1112 1442 uod
1133 1377 1317 1445 eboesooiel-

211 1478 255 1539 40
268 1475 384 1557 Topen.

228 1579 350 1645 Datum
372 1580 474 1646 Rome
497 1580 585 1667 apud
609 1581 764 1649 Sanctum
779 1584 912 1650 Petrum
928 1584 1042 1673 (1452)
1058 1609 1142 1653 nono
1158 1588 1317 1654 kalendas

123 1685 210 1767 maii,
234 1685 415 1770 potificatus
438 1688 537 1751 nostri
559 1710 643 1753 anno
666 1696 768 1754 sexto,

227 1877 395 1945 Orig.‚1³erg.
409 1880 545 1931 Bleibulle
554 1895 589 1931 en
600 1881 765 1948 roth-gelber
773 1882 984 1949 Seidenschnur3
998 1884 1081 1952 copie
1089 1887 1118 1935 in
1128 1885 1190 1937 Cod.
1202 1886 1317 1939 cesto.

228 2002 332 2053 Blstter
344 2003 362 2053 l.
374 2002 509 2055 Laudeslr.
523 2020 548 2056 v.
561 2004 652 2055 N.·Oe.
666 2005 751 2070 XXV,
767 2007 815 2056 136
828 2022 884 2073 reg.
897 2007 966 2058 neth
979 2008 1318 2075 Reg.v2uo.tsor.148'.

228 2124 284 2175 Aul
299 2126 347 2177 der
364 2125 536 2177 Aussenseite
553 2126 599 2179 des
618 2128 706 2193 Buges
725 2127 772 2178 der
789 2128 1067 2180 Schreibervermerlr:
1094 2131 1126 2181 A.
1142 2130 1175 2182 de
1192 2131 1317 2197 Vmcriie3

122 2213 253 2265 uberhalb
271 2230 324 2265 von
342 2215 455 2267 auderet
473 2216 522 2265 He
547 2218 631 2281 protis
657 2215 689 2267 de
714 2216 836 2267 mandute
862 2216 961 2269 domitet
982 2221 1064 2269 metri
1081 2236 1161 2285 pope.
1196 2221 1252 2271 nur
1270 2221 1318 2272 der

121 2302 267 2354 Rllclrseite
285 2302 332 2355 der
348 2304 646 2369 Registreturvermerk.

167 2530 266 2599 lm
924 2538 1273 2613 smmum

121 2724 227 2808 Popet
241 2724 396 2790 Nicotaus
411 2724 446 2790 V.
463 2723 586 2790 ertbctlt
608 2724 673 2790 Abt
688 2722 858 2808 Wolspuno
879 2745 940 2791 oon
956 2723 1110 2810 Gedroeip
1132 2727 1191 2792 dos
1206 2725 1316 2792 Privi-

122 2831 248 2914 ἱεμένω,
279 2832 316 2895 iu
336 2829 553 2896 Abwesenlwit
582 2830 635 2894 des
657 2828 823 2912 Biscboscs
852 2850 913 2894 oon
935 2828 1063 2896 Passus
1092 2830 1171 2896 beim
1193 2831 1316 2898 Gottes·

337 2935 457 3000 dieustc
478 2934 539 2999 deu
561 2933 741 3016 feierlt'cben
764 2933 865 3017 Sapen
886 2955 928 3000 su
949 2935 1107 3002 ertbeileu.

227 3129 310 3196 Orig„
337 3129 413 3196 Perg.
449 3127 491 3178 An
517 3127 682 3194 roth-gelbes·
708 3125 907 3179 Seidenschnur
933 3128 978 3180 die
1006 3128 1155 3194 Bleibulle;
1183 3128 1266 3196 Cupie
1289 3132 1317 3180 in

119 3217 222 3269 Godc
239 3217 258 3268 f.
271 3218 330 3266 371.

227 3341 284 3391 Aul
304 3339 364 3390 dem
386 3341 462 3406 Buge
485 3339 573 3390 rechts
595 3340 631 3390 ist
653 3356 705 3391 von
728 3339 775 3391 der
797 3340 832 3390 H.
850 3339 896 3390 des
914 3339 1149 3392 Urlr.·flchreibers
1169 3343 1315 3393 vermerkt:

120 3430 153 3482 A.
165 3429 199 3480 de
212 3429 338 3493 Veserim
356 3429 472 3480 derttber
489 3445 541 3480 von
561 3428 674 3478 underer
692 3429 739 3481 ll:
755 3431 840 3494 protis
857 3428 889 3478 de
905 3427 1027 3479 utendae
1037 3427 1135 3479 domiui
1145 3432 1228 3480 nosos·
1236 3445 1314 3495 pope.

120 3517 178 3568 Aul
193 3517 241 3568 der
258 3517 404 3567 Rllckseite
422 3515 469 3566 der
487 3516 786 3582 Registroturvermerlr.

226 3689 439 3778 {Nicolsus}
462 3692 642 3776 episcopus,
671 3711 785 3755 servus
814 3713 982 3756 servorum
1012 3689 1075 3773 dei,
1106 3688 1223 3755 dilecto
1252 3689 1317 3754 filio

1 3863 2 3866 ,
120 3796 321 3882 Wolfgango
352 3794 463 3861 abbati
496 3796 681 3860 monasterii
714 3793 810 3860 beate
844 3795 948 3860 Muris
978 3795 1190 3861 Gotwicensis
1225 3794 1316 3859 Pata-

121 3903 242 3968 viensis
274 3900 411 3966 diocesis
442 3898 578 3965 sulutem
608 3908 640 3964 et
669 3898 878 3986 apostolicum
900 3898 1171 3964 benedictionem.
1216 3899 1316 3964 Sacro

120 4007 286 4091 religionis
309 4014 370 4070 etc.
416 4005 503 4070 Hinc
526 4013 583 4089 est,
607 4003 694 4090 quod
716 4026 774 4069 nos
796 4006 859 4069 tuis
882 4003 1007 4069 devotis
1030 4003 1316 4090 supplicationibus

120 4111 266 4178 inclinati
295 4109 354 4176 tibi
384 4119 416 4174 et
446 4108 686 4174 successoribus
712 4110 775 4174 tuis
797 4110 987 4173 auctoritate
1009 4108 1184 4194 apostolice
1206 4118 1316 4173 tenore

121 4217 322 4303 presentium
346 4213 553 4279 concedimus
576 4223 609 4278 et
631 4215 727 4279 etiem
749 4212 964 4298 indulgemus,
988 4212 1075 4299 quod
1093 4222 1127 4279 tu
1145 4223 1176 4278 et
1191 4236 1316 4278 succes·

121 4343 214 4387 sores
237 4323 284 4386 tui
307 4322 339 4384 in
362 4321 505 4406 episcopi
521 4319 721 4384 Putaviensis
743 4341 801 4404 pro
824 4327 968 4404 tempore
988 4320 1154 4384 existentis
1169 4317 1317 4383 absentia

122 4424 323 4513 temporibus
346 4423 572 4490 celebrationis
594 4425 764 4488 missorum
787 4432 821 4488 et
842 4422 977 4488 aliorum
999 4421 1181 4487 divinorum
1197 4422 1315 4487 officio·

121 4554 194 4596 rum
224 4552 283 4616 pro
312 4539 457 4617 tempore
479 4531 513 4594 in
536 4528 621 4595 dicto
644 4530 838 4595 monasterio
860 4527 1119 4594 benedictionem
1142 4527 1316 4594 solemnem

122 4657 219 4722 super
252 4633 416 4721 populum,
458 4636 604 4721 quotiens
638 4655 717 4719 opus
751 4633 858 4717 fuerit,
891 4654 980 4698 more
1013 4634 1202 4720 pontificum
1236 4631 1315 4698 dare

122 4743 223 4826 possis
254 4748 286 4805 et
315 4741 375 4825 ipsi
405 4741 528 4826 possint
558 4738 834 4804 constitutionibus
858 4747 891 4804 et
913 4737 1166 4804 ordinationibus
1189 4749 1315 4824 sposto-
