3250 5500
1253 477 1291 540 ll

2 649 3 656 ἵ
102 663 266 727 contrariis
289 659 558 746 quibuscumque.
581 661 648 726 Noa
671 663 811 747 insuper,
836 664 864 728 si
886 665 1056 749 episcopus
1078 665 1291 751 Pataviensis‚

2 829 3 833 ,
99 767 150 850 qui
174 786 263 830 nnnc
286 773 336 828 est
358 785 416 830 seu
438 785 496 850 pro
518 773 663 850 tempore
685 765 791 850 fuerit,
816 768 934 833 crisma
955 767 1060 834 oleum
1084 778 1232 836 sanctum
1260 781 1293 836 et

2 889 3 912 1
98 869 157 934 alis
187 891 284 936 sacra
315 868 532 936 ecclesiastica
562 872 735 936 ministrari
763 870 874 936 lacere
899 895 941 938 ae
961 874 1137 938 monachos
1160 897 1218 940 seu
1240 898 1293 942 no

99 974 195 1038 vicies
226 973 305 1040 dicti
334 975 517 1040 monasterii
547 973 590 1040 sd
621 995 731 1040 sacros
760 997 819 1041 seu
849 975 928 1040 alios
950 976 1080 1042 ordines
1102 999 1292 1063 promovere

98 1081 298 1144 recusaverit
320 1100 377 1144 seu
399 1099 434 1144 se
457 1077 500 1143 ad
522 1077 556 1144 id
579 1077 745 1145 difficilem
765 1079 947 1146 reddiderit
968 1081 1100 1168 prefatis
1121 1082 1233 1148 abbati
1261 1093 1294 1149 et

2 1255 3 1264 χ
100 1186 281 1266 conventui,
310 1192 347 1248 ut
376 1207 396 1248 a
426 1205 630 1269 quocumque
660 1183 832 1250 maluerint
860 1184 1024 1252 katholico
1052 1189 1193 1254 antistite
1221 1209 1292 1273 grs-

2 1329 3 1338 κ
97 1291 173 1354 tiam
203 1298 239 1354 et
267 1291 525 1354 communionem
555 1287 699 1356 eiusdem
721 1288 808 1356 sedis
830 1289 971 1356 habente
993 1292 1110 1358 crisma
1132 1291 1238 1358 oleum
1260 1302 1293 1358 et

2 1425 3 1474 5
98 1393 157 1458 alia
186 1415 287 1458 sacra
313 1391 495 1457 huiusmodi
517 1393 695 1479 reeipiendi
717 1415 757 1460 ae
778 1415 936 1480 personne
957 1395 1130 1462 monachos
1152 1408 1185 1462 et
1206 1401 1292 1463 novi·

2 1521 3 1524 ¹
98 1499 160 1564 cios
192 1496 400 1584 supradictos
428 1519 488 1583 per
518 1496 658 1562 eundem
685 1498 738 1564 vel
768 1498 866 1564 alium
896 1498 1096 1566 katholicam
1117 1503 1292 1567 antistitem

2 1589 3 1608 ¹
97 1600 233 1667 similem
257 1604 394 1688 gratiam
417 1612 450 1667 et
471 1605 729 1668 communionem
751 1602 926 1671 habentem
948 1604 991 1669 ad
1013 1627 1123 1672 sacros
1145 1606 1198 1673 vel
1213 1606 1291 1672 alios

2 1717 3 1760 ἲ
98 1705 228 1771 ordines
258 1705 442 1772 huiusmodi
469 1709 571 1772 eciam
599 1706 711 1772 litteris
740 1705 926 1774 dimissoriis
956 1711 1168 1776 communiter
1193 1734 1292 1777 nune·

98 1814 223 1896 cupatis
254 1833 319 1876 non
349 1812 456 1897 petitis
486 1833 543 1876 seu
571 1810 710 1876 obtentis
732 1815 915 1897 promoveri
938 1813 1079 1880 faciendi
1101 1814 1231 1900 plenam
1251 1839 1292 1881 ac

97 1914 233 1980 liberam
249 1912 365 1980 eadem
381 1917 569 1982 auctoritate
585 1914 752 1980 licenciam
768 1915 942 2000 elargimur
956 1916 1170 1984 decernentes
1181 1941 1291 1986 omnes

97 2029 126 2084 et
140 2019 288 2106 singulos
302 2043 475 2107 processus
491 2031 523 2086 et
538 2023 899 2105 excommunicationes,
914 2025 1141 2109 suspensiones
1154 2033 1186 2089 et
1197 2027 1291 2091 iuter·

96 2124 169 2190 dicti
198 2127 395 2209 sentencias,
424 2145 503 2210 quos
532 2135 565 2189 et
587 2146 667 2211 quas
691 2135 802 2190 contra
824 2129 1024 2210 presentium
1046 2126 1225 2194 litterarum
1247 2140 1290 2196 te·

94 2252 205 2295 norem
232 2229 346 2295 baberi
370 2231 539 2316 eontigerit
561 2253 619 2295 seu
641 2233 743 2296 eciam
766 2231 973 2318 promulgari,
996 2234 1102 2298 irritos
1123 2243 1156 2298 et
1178 2236 1290 2300 inanes

95 2357 132 2400 ac
160 2337 290 2400 irritum
321 2344 353 2399 et
382 2336 489 2418 inane,
511 2337 539 2399 si
568 2357 663 2400 secus
694 2357 791 2421 super
821 2335 903 2400 hiisl
933 2359 954 2401 s
985 2359 1148 2424 quoquam
1175 2341 1289 2425 quavis

94 2441 285 2504 auctoritate
316 2441 456 2504 scienter
485 2437 538 2504 vel
565 2441 751 2525 ignoranter
773 2441 943 2526 contigerit
964 2445 1156 2528 attemptari.
1201 2443 1290 2508 Nulli

94 2566 169 2629 ergo
199 2553 263 2608 etc.
310 2543 432 2608 Datum
459 2543 561 2609 Rome
592 2543 679 2629 apud
704 2543 860 2610 Sanctum
882 2545 1016 2612 Petrum
1037 2545 1079 2612 V.
1102 2546 1176 2612 idus
1205 2558 1289 2614 oete

93 2647 156 2714 bn's
179 2648 391 2736 pontificatus
413 2649 511 2716 nostri
533 2671 617 2714 anno
641 2648 841 2716 duodecimo.

133 2904 219 2973 909.
802 2911 884 2970 leot
901 2912 1067 2973 November
1083 2914 1133 2982 lt,
1149 2915 1244 2975 Wlen.

194 3106 338 3188 Bisaltas
354 3106 509 3173 Bertlrold
529 3128 590 3172 voa
612 3106 773 3191 Freisinp,
800 3106 931 3191 Rddolf
945 3128 1007 3173 oea
1028 3108 1158 3191 Wolose,
1185 3110 1287 3176 Eber-

91 3210 163 3277 lort
192 3232 258 3276 voa
287 3210 439 3293 chella,
468 3211 669 3294 Reimpracbt
698 3230 759 3276 oea
781 3210 903 3278 Walsac
930 3214 999 3278 aad
1028 3214 1199 3281 Fridreiclt
1228 3237 1289 3281 ooo

91 3316 213 3384 Wacse
236 3314 438 3381 haelendes
460 3316 640 3382 elediata
662 3316 732 3382 dem
754 3316 873 3383 Streite
894 3319 1046 3384 switelm
1068 3319 1193 3404 Hersop
1208 3319 1287 3387 Wil-

91 3420 170 3487 leba
192 3443 238 3487 au
260 3400 436 3487 Osterreiclt
464 3422 533 3487 aad
563 3422 634 3487 dem
656 3422 738 3488 Abte
766 3423 835 3487 aad
858 3423 1012 3490 Conventa
1039 3444 1113 3489 aum
1142 3425 1287 3511 Kdtwcip

91 3526 254 3590 anascits
282 3526 351 3591 aad
380 3526 449 3590 den
471 3524 621 3609 Biscbofe
643 3525 724 3609 Jdry
753 3547 795 3591 aa
817 3526 951 3593 Passew
980 3529 1156 3595 aederscits
1184 3552 1288 3613 weyers

90 3630 143 3695 der
177 3629 303 3696 Kircbc
338 3652 381 3695 aa
413 3630 587 3697 Muuttore
623 3630 803 3699 beidereeits
837 3632 1007 3701 aarum
1040 3632 1288 3701 Sebiederielttcr

89 3735 258 3818 folpertdert
279 3734 523 3817 Ratmpract:

193 3881 225 3940 1.
257 3874 314 3939 laet
335 3875 477 3957 jedwede
498 3874 709 3957 Feindsclraft
730 3874 883 3943 zwisalten
905 3874 1014 3943 beiden
1035 3876 1188 3943 Persam
1210 3879 1284 3962 aas·

89 3979 243 4061 subeam

193 4090 225 4153 2.
250 4085 307 4150 tat
323 4084 397 4167 jede
411 4084 524 4151 Portei
546 4086 597 4150 die
612 4084 817 4168 Gefeapcnea
839 4086 896 4151 aar
917 4087 1056 4153 andeca
1079 4088 1286 4169 freiswloesce

90 4190 156 4255 aad
178 4190 292 4255 Maca
314 4189 564 4255 Schadeaersata
584 4210 626 4254 se
648 4190 900 4273 decemremem

194 4298 226 4359 3.
249 4294 307 4360 hat
328 4292 452 4378 Haraop
468 4292 615 4359 Willtelm
636 4295 707 4359 desa
721 4294 872 4379 Biscbofc
892 4315 953 4359 voa
968 4295 1102 4362 Passow
1124 4297 1176 4363 dia
1189 4297 1286 4363 Stadt

91 4396 265 4465 Macrum
286 4420 328 4465 sa
349 4399 519 4482 iberpcbea
540 4399 608 4465 aa
630 4400 691 4465 aaa
713 4399 1003 4483 bescblopaebmtee
1018 4398 1109 4467 Wcia
1130 4402 1199 4467 sord
1213 4422 1284 4467 soa·

90 4504 166 4586 stipe
188 4502 283 4569 Habe
304 4502 573 4587 reserauerat,-

92 4760 154 4817 9⁰8.
194 4765 290 4815 b(iod.
