3250 5500
299 465 365 531 440

301 679 400 723 causa
430 659 532 722 eciam
559 660 689 722 racione
712 657 854 723 criminis
877 656 1027 723 domicilii
1051 678 1189 743 persone
1211 668 1395 724 contractus
1418 658 1493 724 obli·

298 764 442 848 gacionis
478 760 530 827 vel
569 761 787 827 submissionis
832 771 889 827 aut
932 761 1012 827 alias
1053 763 1329 849 qualitercumque
1370 762 1494 850 absque

302 866 434 955 speciali
470 866 607 932 licencia
643 876 753 932 nostra
789 889 848 931 seu
883 865 971 931 sedis
1008 866 1182 953 apostolice
1220 866 1342 932 eisdem
1380 867 1495 952 legatis

301 975 446 1038 nuncciis
479 971 730 1057 archiepiscopis
764 973 921 1057 episcopis
956 980 988 1036 et
1020 975 1190 1057 presertim
1220 974 1371 1059 episcopo
1401 972 1496 1038 Pata·

300 1080 403 1143 viensi
433 1076 593 1142 iudicibus
626 1086 658 1141 et
687 1075 906 1162 superioribus
935 1098 996 1162 per
1024 1075 1145 1142 bullam
1166 1085 1306 1142 nostram
1328 1099 1387 1142 seu
1408 1077 1495 1143 sedis

301 1183 427 1270 prefate
450 1184 496 1247 eis
519 1180 733 1247 intimandum
757 1190 869 1247 contra
891 1180 1046 1247 abbatem
1068 1191 1264 1247 conventum
1285 1192 1319 1247 et
1339 1204 1495 1269 personas

301 1286 484 1355 huiusmodi
513 1286 690 1373 procedere
722 1287 885 1372 inquirere
911 1308 970 1350 seu
994 1308 1049 1352 eos
1072 1288 1233 1372 corrigere
1256 1287 1387 1351 visitare
1409 1288 1495 1351 insti·

301 1404 390 1459 tuere
414 1392 466 1457 vel
489 1390 662 1456 destituere
685 1412 744 1455 seu
767 1389 888 1476 aliquid
903 1400 1016 1456 cenna
1038 1413 1093 1456 eos
1115 1399 1308 1476 attemptare
1329 1400 1386 1456 aut
1407 1394 1494 1457 inno·

300 1520 379 1563 vare
409 1496 462 1561 vel
492 1517 713 1583 quascumque
737 1497 1086 1561 excommunicacionis
1107 1497 1324 1582 suspensionis
1346 1504 1379 1560 et
1400 1498 1495 1560 inter·

302 1603 379 1667 dicti
410 1602 584 1667 sententias
616 1599 759 1686 aliasque
790 1622 944 1665 censuras
974 1600 1211 1665 ecclesiasticas
1241 1610 1275 1665 et
1305 1622 1407 1687 penas
1440 1611 1497 1666 aut

301 1705 488 1772 diffinitivas
511 1705 564 1770 vel
585 1706 865 1791 interloquutorias
888 1727 946 1769 seu
969 1704 1181 1770 absolutorias
1204 1707 1386 1771 sentencias
1408 1705 1494 1772 ferre

301 1832 359 1875 seu
380 1808 585 1896 promulgare
608 1817 804 1895 presumant,
828 1830 939 1873 omnes
962 1829 1091 1895 quoque
1114 1819 1147 1874 et
1167 1808 1308 1895 singulos
1324 1831 1496 1894 processus

301 1936 340 1978 ac
371 1914 718 1979 excommunicacionis
748 1914 966 1999 suspensionis
995 1922 1028 1978 et
1056 1912 1220 1979 interdicti
1249 1912 1393 1999 aliasque
1426 1924 1494 1981 tam

302 2018 488 2083 diffinitivas
512 2041 609 2104 quam
631 2017 913 2104 interloquutorias
932 2026 966 2083 et
980 2016 1059 2083 alias
1075 2039 1297 2105 quascumque
1312 2020 1496 2085 sentencias

302 2145 455 2189 censuras
478 2145 606 2209 quoque
629 2132 661 2187 et
681 2145 793 2209 penas,
818 2143 897 2209 quos
920 2131 953 2187 et
975 2144 1055 2208 quas
1078 2132 1191 2189 contra
1212 2144 1271 2187 vos
1291 2145 1496 2190 successores

301 2231 527 2295 monasterium
551 2236 745 2293 conventum
767 2227 942 2293 monachos
965 2249 1138 2292 conversos
1153 2250 1308 2314 personas
1323 2232 1497 2295 servitores

301 2333 448 2399 membra
470 2332 624 2399 ecclesias
647 2332 787 2419 capellas
811 2343 843 2397 et
865 2330 936 2397 loca
954 2332 1103 2419 predicta
1121 2332 1236 2397 haberi
1252 2334 1422 2419 contigerit
1437 2357 1496 2400 seu

302 2441 405 2505 eciam
427 2437 633 2524 promulgari,
656 2440 761 2504 irritos
784 2448 817 2503 et
838 2438 944 2502 irritas
967 2436 1172 2503 decernimus
1194 2440 1316 2523 pariter
1336 2448 1370 2503 ct
1383 2441 1497 2504 inanes

302 2553 399 2609 etex
422 2566 508 2609 nunc
531 2546 655 2607 irritum
678 2552 710 2607 et
733 2545 838 2628 inane,
861 2550 888 2607 si
911 2564 1006 2607 secus
1029 2564 1126 2628 super
1146 2542 1208 2607 hiis
1230 2565 1251 2608 a
1272 2542 1429 2629 predictis
1442 2543 1498 2609 vel

301 2672 322 2714 a
351 2670 513 2735 quoquam
536 2650 650 2735 quavis
673 2650 862 2713 auctoritate
883 2649 1024 2713 scienter
1045 2646 1098 2713 vel
1119 2649 1305 2732 ignoranter
1326 2650 1497 2734 contigerit

302 2756 495 2840 attemptari.
542 2755 695 2819 Preterea
725 2752 881 2818 moderno
910 2764 944 2818 et
964 2775 1024 2839 pro
1045 2763 1190 2840 tempore
1213 2755 1363 2819 existenti
1385 2753 1498 2819 abbati

302 2860 379 2925 dicti
405 2861 600 2938 monasterii,
629 2869 666 2925 ut
692 2861 725 2924 in
747 2869 910 2943 eventum,
934 2882 998 2946 quo
1020 2861 1191 2945 episcopus
1213 2859 1414 2925 Pataviensis
1435 2882 1497 2946 pro

301 2975 446 3051 tempore
469 2967 609 3030 existens
633 2962 812 3050 denegaret
833 2963 944 3029 abbati
967 2973 1000 3029 et
1022 2967 1196 3030 conventui
1219 2963 1296 3029 dicti
1311 2966 1497 3030 monasterii

302 3069 450 3155 illiusque
472 3071 616 3154 personis
639 3070 757 3134 crisma
779 3068 887 3134 oleum
908 3077 1058 3134 sanctum
1080 3077 1113 3134 et
1134 3068 1198 3134 alia
1220 3077 1423 3134 sacramenta
1446 3091 1497 3134 ec·

302 3175 483 3239 clesiastica
511 3175 691 3239 ministrare
723 3195 781 3238 seu
808 3174 1003 3239 ministrari⁰
1034 3175 1144 3240 facere
1172 3196 1213 3240 ac
1239 3173 1415 3240 monachos
1438 3196 1497 3242 seu

301 3280 444 3343 novicios
475 3277 551 3343 dicti
573 3281 757 3344 monasterii
779 3277 823 3344 ad
845 3301 955 3344 sacros
978 3278 1031 3344 vel
1053 3278 1131 3346 alios
1153 3278 1282 3345 ordines
1304 3286 1497 3365 promovere

301 3382 354 3448 vel
377 3381 527 3448 ordinare
550 3404 608 3448 seu
630 3405 665 3448 se
687 3384 729 3448 ad
753 3382 787 3447 id
810 3382 977 3448 difficilem
997 3383 1146 3467 reddere,
1169 3384 1226 3449 utl
1247 3407 1267 3449 a
1290 3405 1496 3470 quocumque

303 3487 460 3553 catholico
491 3490 631 3554 antistite
661 3491 805 3572 graciam
829 3497 861 3554 et
883 3490 1139 3554 communionem
1161 3487 1249 3554 sedis
1270 3487 1417 3574 predicte
1442 3487 1497 3552 ha·

301 3591 400 3658 bente
431 3594 548 3657 crisma
578 3591 683 3658 oleum
714 3603 746 3658 et
772 3593 836 3659 alia
858 3602 1062 3659 sacramenta
1084 3591 1267 3658 huiusmodi
1286 3595 1434 3678 recipere
1456 3616 1499 3658 ac

302 3717 457 3782 personas
490 3697 664 3761 monachos
699 3705 731 3761 et
763 3698 906 3761 novicios
939 3695 1141 3783 supradictos
1174 3718 1233 3783 per
1266 3694 1408 3762 eundem
1443 3696 1497 3762 vel

302 3800 400 3866 alium
431 3800 624 3866 catholicum
654 3803 830 3867 antistitem
860 3801 995 3867 similem
1017 3801 1161 3888 graciam
1184 3812 1218 3867 et
1239 3803 1498 3868 communionem

302 3905 477 3971 habentem
507 3904 550 3970 ad
580 3928 689 3970 sacros
719 3905 774 3970 vel
799 3905 879 3971 alios
901 3905 1031 3972 ordines
1053 3905 1237 3972 huiusmodi
1260 3907 1363 3972 eciam
1385 3905 1498 3972 litteris

304 4010 567 4076 dimissorialibus
590 4013 801 4076 communiter
823 4013 1036 4098 nuccupatis⁶
1060 4033 1125 4077 non
1146 4013 1254 4097 petitis
1275 4033 1336 4077 seu
1357 4011 1498 4077 obtentis

303 4117 485 4202 promoveri
514 4115 615 4180 libere
645 4117 777 4202 possint,
807 4118 996 4182 auctoritate
1024 4115 1199 4201 apostolica
1228 4125 1340 4182 tenore
1367 4137 1497 4203 presen-

304 4223 389 4286 cium
413 4218 619 4285 concedimus
642 4243 701 4306 per
723 4230 891 4307 presentes
912 4243 977 4285 non
1000 4219 1202 4285 obstantibus
1223 4219 1326 4286 felicis
1347 4219 1498 4286 recorda·

304 4327 403 4391 cionis
425 4326 604 4391 Innocentii
625 4348 711 4413 pape
732 4327 839 4412 quarti
860 4325 1099 4413 predecessoris
1121 4328 1222 4391 nostri
1242 4335 1275 4391 et
1289 4325 1357 4391 aliis
1374 4334 1498 4411 aposto

303 4431 372 4496 licis
406 4431 684 4496 constitutionibus
718 4433 899 4518 ceterisque
937 4430 1105 4496 contrariis
1142 4429 1409 4518 quibuscumque.
1454 4431 1500 4496 Et

304 4675 388 4732 1382.
411 4687 421 4711 ⁶
448 4677 593 4744 Corrigiert
619 4691 667 4728 aus
689 4679 844 4728 ministrare
882 4703 913 4714 -
949 4677 964 4710 ⁴¹
986 4676 1132 4742 Corrigicrt
1157 4691 1206 4728 aus
1231 4683 1285 4727 osu.
1321 4703 1354 4714 -
1389 4686 1401 4711 0
1428 4678 1501 4729 suet

303 4767 478 4832 aameupatis.
