3250 5500
1225 509 1287 572 317

91 695 187 760 nibus
215 718 293 760 vere
323 695 541 781 penitentibus
572 697 727 762 confessis
762 707 794 763 et
827 700 970 764 contritis
999 702 1032 763 in
1062 699 1289 765 festivitatibus

89 799 301 885 infrascriptis
324 799 475 864 videlicet
501 799 676 866 nativitatis
700 802 800 866 Kristi
824 805 1074 868 circumcisionis
1105 803 1289 890 epyphanie

91 917 123 968 et
158 927 219 990 per
251 913 351 968 totam
385 905 678 990 quadragesimam,
710 929 908 992 parasceves
940 908 1062 993 pasche
1095 910 1291 972 ascensionis

90 1007 319 1093 penthecostes
350 1012 493 1096 corporis
516 1011 617 1075 Kristi
648 1013 847 1076 invencionis
878 1021 910 1077 et
940 1011 1149 1076 exaltacionis
1179 1021 1290 1076 sancte

92 1115 209 1194 crucis,
232 1115 264 1176 in
289 1113 436 1178 omnibus
460 1125 492 1180 et
514 1115 645 1200 singulis
668 1115 896 1180 festivitatibus
918 1115 1014 1180 beate
1036 1115 1139 1180 Maria
1154 1117 1289 1201 virginis

90 1216 246 1281 videlicet
268 1221 491 1304 concepoionis
522 1221 696 1285 nativitatis
724 1222 977 1306 presentacionis
1007 1222 1291 1285 annunceiacionis

90 1321 287 1386 visitacionis
310 1323 548 1408 purifieacionis
571 1346 697 1388 necnon
726 1327 967 1411 assumpcionis,
995 1326 1097 1389 sancti
1121 1323 1291 1388 Michaelis

90 1425 288 1510 archangeli,
319 1428 493 1491 nativitatis
517 1437 549 1492 et
572 1427 797 1493 decollacionis
829 1429 981 1494 Iohannis
1011 1427 1151 1514 baptiste
1181 1426 1289 1493 beato·

91 1553 162 1594 rum
187 1531 404 1615 apostolorum
426 1531 514 1597 Petri
538 1542 570 1596 et
592 1531 685 1596 Pauli
707 1555 746 1596 ac
774 1534 916 1597 omnium
943 1533 1078 1597 aliorum
1105 1541 1290 1597 sanctorum

90 1633 307 1719 apostolorum
323 1645 355 1699 et
377 1635 656 1721 evangelistarum
679 1647 928 1723 sanctorumque
944 1636 1099 1724 Stephani
1114 1637 1288 1701 Laurencii

91 1738 262 1802 Vincencii
293 1737 467 1804 Clementis
496 1739 629 1824 Georgii
652 1749 684 1806 et
705 1741 873 1807 Oristofori
895 1745 1073 1825 martirum,
1104 1751 1289 1806 sanctorum

91 1841 224 1907 Martini
255 1842 379 1908 Nicolai
410 1844 559 1928 Gregorii
582 1844 755 1929 Augustini
783 1844 949 1910 Ambrosii
976 1854 1009 1910 et
1036 1845 1189 1910 leronimi
1219 1867 1291 1909 oon-

90 1947 260 2030 fessorum,
295 1957 479 2013 sanctarum
509 1948 612 2012 Maria
642 1948 838 2034 Magdalene
867 1949 1047 2014 Katherine
1081 1948 1290 2033 biargarethc

90 2051 240 2116 Barbare
263 2050 382 2116 Oecilie
405 2052 507 2117 Lucis
527 2052 656 2136 Agathe
671 2053 807 2138 Agnetis
830 2063 862 2119 et
884 2053 1037 2118 undecim
1052 2052 1174 2119 milium
1196 2054 1290 2137 virgi·

92 2177 171 2220 num
202 2165 299 2240 atque
333 2155 515 2220 Erndrudis
546 2158 718 2240 virginum,
748 2156 934 2244 Elyzabeth
967 2158 1092 2222 Helene
1123 2157 1291 2241 Hedwigis

90 2260 275 2343 viduarum,
298 2261 331 2324 in
347 2260 399 2325 die
415 2262 555 2326 omnium
578 2271 762 2326 sanctorum
781 2271 814 2326 et
829 2264 1127 2326 conmemoracione
1150 2264 1291 2326 omnium

91 2366 274 2430 animarum
297 2373 330 2429 et
350 2387 410 2450 per
432 2373 564 2430 octavas
587 2365 746 2430 dictarum
770 2365 981 2430 festivitatum
1012 2375 1144 2432 octavas
1172 2365 1291 2430 haben-

91 2471 178 2533 cium
212 2468 410 2554 singulisque
447 2468 562 2534 diebus
597 2469 765 2534 dominicis
799 2493 840 2534 ac
873 2469 989 2534 diebus
1018 2479 1225 2556 patronorum
1258 2479 1292 2534 et

90 2581 301 2658 patronarum
323 2594 450 2638 necnon
474 2572 738 2638 dedicacionibus
767 2574 945 2639 earundem
976 2595 1075 2639 causa
1106 2573 1290 2638 devocionis

91 2687 123 2741 et
145 2677 304 2741 oracionis
326 2686 382 2742 aut
404 2678 678 2763 peregrinacionis
700 2679 899 2742 accesserint
921 2699 979 2743 seu
1001 2681 1057 2764 qui
1085 2679 1189 2742 missis
1218 2700 1289 2765 pre·

91 2781 314 2847 dicacionibus
336 2784 500 2847 matutinis
523 2785 667 2869 vesperis
697 2792 754 2847 aut
784 2782 855 2847 ahis
885 2782 1143 2868 quibuscumque
1173 2782 1290 2847 divinis

90 2886 206 2951 officiis
228 2885 350 2951 ibidem
372 2886 575 2953 interfuerint
596 2898 653 2951 aut
675 2908 792 2973 corpus
815 2887 917 2951 Kristi
939 2886 992 2951 vel
1019 2886 1127 2951 oleum
1148 2908 1288 2971 sacrum,

90 3014 166 3056 cum
189 2990 323 3055 infirmis
345 3000 522 3077 portentur,
546 2994 648 3057 secuti
669 2992 789 3057 fuerim
810 3013 870 3057 seu
890 2993 925 3056 iu
943 2994 1083 3057 serotina
1104 2990 1289 3077 pulsatione

91 3116 252 3182 campane
274 3098 386 3161 autin
407 3118 504 3161 mane
536 3094 715 3161 secundum
746 3095 879 3161 modum
909 3098 997 3160 curie
1020 3096 1164 3160 Romane
1194 3094 1289 3160 flexis

90 3202 232 3285 genibus
254 3209 318 3266 tcr:
341 3224 404 3266 ave
426 3201 541 3285 Maria,
566 3200 708 3265 dixerint
730 3222 857 3266 necnon
880 3203 936 3285 qui
964 3200 1008 3266 ad
1029 3200 1171 3265 fabricas
1200 3199 1289 3264 lumi-

91 3306 184 3371 naria
206 3314 396 3369 ornamenta
418 3314 475 3370 aut
497 3307 611 3390 quevis
626 3303 689 3369 aha
712 3304 797 3369 dicte
813 3304 951 3370 ecclesie
973 3306 1160 3369 necessaria
1174 3326 1289 3369 manus

89 3410 298 3495 porrexerint
319 3407 493 3473 adiutrices
515 3417 572 3473 aut
599 3408 729 3494 aliquod
752 3407 841 3473 aliud
871 3408 1080 3474 karitativum
1110 3407 1290 3478 subsidium

91 3512 296 3595 donaverint,
320 3514 616 3599 quocienscumque
638 3515 795 3598 premissa
818 3513 872 3578 vel
901 3511 1031 3598 aliquod
1061 3515 1289 3598 premissorum

90 3617 238 3699 fecerint,
262 3615 304 3679 de
321 3618 545 3703 omnipotentis
568 3616 621 3681 dei
636 3616 856 3681 misericordia
871 3617 960 3681 Petri
975 3625 1008 3681 et
1026 3615 1119 3681 Pauli
1134 3616 1288 3702 apostolo·

90 3742 163 3785 rum
203 3723 274 3785 eius
312 3722 502 3785 auctoritate
540 3721 652 3785 confisi
689 3720 851 3804 suffragiis
888 3720 1104 3806 quadraginta
1140 3720 1210 3783 dies
1248 3720 1290 3783 de

90 3826 243 3889 iniunctis
274 3826 320 3889 eis
353 3826 542 3911 penitenciis
576 3824 826 3889 misericorditer
858 3826 892 3889 in
926 3823 1053 3889 domino
1087 3824 1289 3910 presentibus

91 3930 266 4015 elargimur
288 3930 452 4014 perpetuis
474 3929 672 4014 temporibus
695 3928 867 4011 duraturis,
898 3931 932 3993 in
954 3931 1045 3994 cuius
1075 3930 1121 3993 rei
1151 3930 1289 3993 testimo-

92 4037 182 4099 nium
204 4045 374 4120 presentes
396 4034 519 4099 litteras
548 4036 697 4099 iussimus
727 4033 823 4119 sigilli
851 4036 951 4099 nostri
977 4034 1174 4120 appensione
1205 4055 1288 4097 com-

92 4139 221 4203 muniri.
256 4138 378 4204 Datum
401 4160 486 4203 anno
508 4138 674 4204 millesimo
695 4138 1011 4224 quadringentesimo
1026 4139 1190 4223 trigesimo
1205 4159 1288 4202 nono

91 4244 123 4307 in
148 4242 202 4307 die
224 4252 409 4309 sanctorum
431 4244 519 4309 Petri
542 4253 574 4308 et
595 4244 687 4309 Pauli
710 4243 934 4329 apostolorum.

197 4435 288 4501 Siegel
307 4436 332 4486 d.
346 4437 375 4488 B.
388 4437 504 4487 Matthias
524 4436 592 4486 rund
605 4434 671 4505 (41),
689 4437 749 4487 roth
772 4437 821 4487 aui
837 4436 907 4498 Soh.‚
924 4437 997 4486 lIIB
1011 4440 1034 4491 1.
1056 4437 1103 4488 U.:
1118 4452 1123 4462 ·
1136 4453 1156 4486 s.
1170 4437 1287 4488 mathie.

93 4523 135 4575 dei
148 4541 154 4552 ·
167 4537 236 4591 gra·
252 4525 297 4589 epi
311 4536 316 4546 ·
330 4525 403 4574 accis
416 4540 421 4550 ·
435 4524 538 4574 vitrice.
577 4525 645 4575 Abb.
662 4526 707 4575 bei
729 4524 887 4585 Hanthaler‚
910 4526 974 4574 Rec.
986 4525 1008 4584 Ι,
1027 4524 1057 4573 Τ.
1071 4527 1087 4573 6
1106 4541 1144 4574 nr.
1159 4527 1200 4574 15.
1236 4523 1285 4572 Am

93 4612 140 4662 Rv.
153 4612 201 4662 das
220 4612 315 4678 Signat
333 4612 400 4661 ruud
420 4611 512 4676 (tro),
532 4612 590 4662 roth
609 4612 658 4663 auf
673 4612 743 4673 Sch,
762 4612 834 4663 IVA
847 4614 871 4661 2.
907 4614 959 4662 Die
977 4612 1178 4662 Dornenkrone.
