3250 5500
309 424 371 490 106

411 619 550 685 Dotem:
573 620 658 685 Acta
681 630 756 684 sunt
778 619 840 684 hec
863 619 987 707 (1412),
1011 618 1185 685 indictione
1207 621 1329 706 quinta,
1353 619 1405 684 die
1420 640 1502 684 vero

307 724 434 790 decima
462 746 549 789 nona
577 726 696 789 mensis
726 723 921 809 novembris,
955 722 1036 789 hora
1067 746 1278 811 vesperorum
1310 723 1363 789 vel
1397 724 1502 811 quasi,

306 830 511 915 pontificatus
533 838 595 894 etc.
635 828 794 895 Jobannis
817 838 877 894 etc.
905 850 990 916 pape
1022 830 1167 895 vicesimi
1197 831 1287 895 tercii
1316 850 1401 894 anno
1430 831 1502 894 eius

305 936 406 999 tercio
436 936 470 998 iu
502 933 640 999 ecclesia
667 935 852 999 monasterii
875 932 1106 999 Obotwicensis
1129 933 1249 998 ordinis
1272 935 1375 999 sancti
1396 934 1502 999 Bene·

307 1038 384 1103 dieti
399 1038 601 1104 Pataviensis
624 1037 761 1103 diocesis
784 1050 859 1104 ante
882 1037 981 1103 altare
1002 1048 1114 1104 sancte
1130 1037 1338 1125 Margaretbe
1353 1040 1501 1125 virginis.

412 1143 553 1227 Zeupea:
577 1143 781 1229 presentibus
803 1142 925 1208 ibidem
942 1153 1002 1208 etc.
1022 1142 1158 1209 dominis
1174 1144 1317 1209 Steffano
1333 1142 1502 1228 Zukcber,

306 1247 445 1334 plebano
467 1247 511 1313 ad
533 1248 688 1313 Sanctum
711 1247 941 1314 Leonbardum
963 1250 997 1313 in
1018 1248 1163 1333 Foresto,
1188 1247 1340 1314 Udalrico
1362 1247 1502 1334 preben-

307 1352 398 1418 dario
420 1355 523 1418 sancti
546 1352 723 1437 Altmanni,
746 1352 913 1418 Friderico
937 1352 1114 1419 Hebicbler
1135 1363 1169 1418 et
1192 1352 1326 1418 Andros
1347 1352 1503 1439 Noppen·

308 1456 429 1523 darffer
459 1457 502 1522 de
524 1457 728 1542 Ratolsdorff,
759 1459 928 1543 armigeris
958 1467 990 1524 et
1016 1458 1105 1523 laicis
1128 1458 1329 1523 Pataviensis
1353 1457 1502 1543 diocesis,

305 1562 451 1628 testibus.

409 1702 491 1768 Orig,
509 1704 585 1769 Perg.
605 1708 669 1753 rost
687 1718 713 1753 ιι.
730 1702 928 1769 feuchtfleokig.
959 1702 1019 1754 Lat.
1037 1702 1113 1761 Text
1137 1702 1386 1753 Notaristsseicben
1404 1708 1502 1752 ssmmt

307 1789 499 1842 Unterschrift:
538 1790 690 1841 Metrias
706 1789 740 1841 de
762 1790 900 1857 Pectiny,
923 1806 949 1841 u.
967 1790 1282 1857 Beglaubigungsformel
1304 1806 1359 1841 von
1380 1789 1503 1856 gleicber

307 1878 342 1928 Η.
355 1894 381 1929 ιι.
394 1878 482 1929 Tinte.

350 2104 451 2174 1015.
1082 2106 1149 2189 [vor
1166 2110 1375 2170 1413111101
1392 2106 1457 2189 ln]

306 2280 445 2363 suppra
473 2302 529 2346 am
558 2280 741 2363 nauatae
758 2237 853 2347 'aaa
879 2282 1026 2348 aeras
1054 2300 1099 2347 aa
1128 2281 1185 2347 aar
1210 2281 1385 2348 rammam
1405 2279 1506 2346 ocae

305 2406 365 2451 aar
393 2385 631 2469 Erttuteidmsp
660 2386 714 2451 cta
743 2386 875 2452 Streites
904 2386 1056 2453 swncbea
1086 2386 1240 2469 Gettweip
1268 2386 1338 2451 aad
1363 2386 1504 2466 Thomas

576 2489 703 2558 Grossel
724 2511 828 2574 wepen
850 2491 907 2555 dar
929 2490 1050 2573 Pfarre
1069 2492 1234 2559 Mentore.

412 2667 495 2733 Copie
513 2666 597 2718 wortl.
610 2667 733 2717 inseriert
751 2667 780 2715 in
797 2682 837 2716 nr.
854 2668 927 2716 1016.

411 2791 472 2857 rgr.
491 2808 530 2841 m.
551 2793 626 2854 rme,
646 2790 819 2853 1018‚1020‚
839 2791 916 2854 1021,
936 2793 1010 2851 roca,
1031 2792 1107 2854 10³1,
1129 2791 1204 2851 1039,
1224 2789 1405 2852 1041-1046,
1426 2791 1505 2851 1049,

309 2879 489 2944 roeo-1065,
509 2878 585 2942 1oea,
607 2879 673 2927 roes
691 2879 807 2929 u.1oeo.

411 3036 574 3121 Dignatur
602 3058 626 3100 s.
651 3059 682 3100 v.
708 3057 839 3100 oausam
870 3044 903 3100 et
930 3057 1054 3118 causas,
1078 3056 1141 3120 que
1163 3037 1309 3119 vertitur,
1332 3045 1505 3101 vertuntur

307 3161 366 3205 seu
395 3143 479 3205 verti
508 3150 541 3205 et
571 3161 643 3206 esse
672 3150 844 3226 sperantur
873 3142 957 3205 inter
987 3137 1140 3204 devotum
1170 3149 1315 3204 vestrum
1343 3139 1505 3207 Thomam

308 3244 449 3328 Grossel,
479 3245 706 3333 presbyterum
729 3246 930 3311 Pataviensis
961 3243 1109 3329 diocesis,
1140 3265 1183 3309 ex
1213 3267 1278 3310 una
1308 3253 1342 3310 et
1366 3267 1504 3310 venera·

307 3348 388 3414 biles
412 3374 452 3415 ac
473 3350 638 3437 religiosos
661 3351 746 3414 viros
769 3348 923 3414 abbatem
939 3360 972 3415 et
987 3358 1182 3414 conventum
1196 3351 1381 3414 monasterii
1397 3348 1505 3414 Obod-

307 3456 456 3519 vicensis
484 3454 605 3520 ordinis
631 3456 734 3519 sancti
756 3453 925 3518 Benedicti
953 3453 1038 3518 dicte
1062 3451 1198 3517 diocesis
1221 3463 1313 3538 parte
1336 3475 1378 3517 ex
1401 3453 1506 3518 ultera

308 3581 483 3645 omnesque
512 3559 591 3624 alios
622 3569 655 3625 et
683 3558 836 3644 singulos,
865 3580 1000 3644 quornm
1022 3561 1157 3623 interest
1178 3556 1230 3622 vel
1254 3559 1308 3644 qui
1331 3579 1389 3622 sua
1412 3567 1505 3644 puta-

307 3666 413 3728 verint
435 3666 592 3729 interesse
615 3673 682 3728 tam
705 3665 900 3728 coniunctim
924 3684 1022 3748 quam
1044 3662 1172 3727 divisim
1195 3661 1236 3727 de
1259 3671 1292 3726 et
1314 3683 1412 3748 super
1431 3685 1506 3748 par-

307 3768 441 3833 rochiali
463 3768 600 3833 ecclesia
623 3771 656 3832 in
672 3767 837 3833 Mauttarn
861 3767 947 3832 dicte
963 3767 1164 3832 Pataviensis
1187 3766 1325 3831 diocesis
1348 3777 1380 3832 et
1401 3768 1505 3853 ipsius

308 3876 485 3957 occasione,
518 3876 717 3938 committere
747 3873 844 3938 alicui
868 3895 911 3938 ex
933 3871 1175 3938 venerabilibus
1197 3873 1274 3936 viris
1296 3872 1396 3936 vestri
1418 3875 1506 3937 sacri

308 3978 424 4064 palacii
454 3977 621 4065 apostolici
651 3999 822 4043 causarum
853 3976 990 4043 auditori
1024 3975 1204 4041 audiendas
1238 3973 1438 4040 decidendas
1472 3986 1507 4041 et

307 4084 372 4148 fine
407 4082 516 4148 debito
549 4082 770 4148 terminandas
802 4105 876 4166 cum
907 4081 1056 4148 omnibus
1089 4083 1154 4145 suis
1189 4079 1394 4165 emergendis
1427 4081 1506 4145 inci-

309 4186 424 4252 dendis
449 4186 674 4273 dependendis
696 4196 729 4251 et
752 4189 908 4252 connexis
931 4195 963 4251 et
987 4208 1061 4250 curn
1083 4195 1241 4271 potestate
1262 4184 1382 4250 citandi
1401 4184 1506 4250 dictos

307 4290 459 4356 abbatem
490 4302 522 4357 et
553 4307 748 4357 conventum
775 4313 952 4377 omnesque
980 4289 1058 4356 ebes
1081 4300 1113 4354 et
1135 4289 1277 4376 singulos
1300 4289 1506 4374 supradictos

308 4399 502 4462 coniunctim
533 4406 565 4462 et
596 4397 723 4463 divisim
753 4399 785 4460 in
809 4397 957 4462 Romana
980 4397 1070 4461 cun'a
1092 4403 1241 4463 extraet
1262 4393 1305 4459 ad
1328 4405 1438 4479 partes
1459 4403 1507 4458 to-

308 4505 407 4585 ciens,
431 4504 584 4588 quociens
607 4524 687 4588 opns
709 4502 816 4587 fuerit,
839 4523 904 4566 non
928 4499 1075 4566 obstante
1098 4499 1185 4586 quod
1208 4519 1308 4564 eausa
1331 4519 1389 4563 seu
1404 4519 1506 4564 cause

306 4604 491 4671 huiusmodi
520 4629 585 4671 non
613 4609 676 4670 sint
702 4605 745 4672 ad
773 4606 893 4671 dictam
921 4606 1043 4669 curiam
1069 4603 1210 4688 legitime
1234 4602 1384 4668 devoluto
1407 4601 1506 4668 etde

307 4713 385 4775 iuris
407 4714 599 4776 necessitate
621 4714 656 4776 in
679 4710 793 4776 eadem
816 4709 987 4776 tractanda
1010 4730 1067 4774 seu
1089 4707 1241 4775 finiende.
